2990 5044
671 371 743 432 teo

604 464 816 480 m

155 591 172 628 a
184 577 331 628 mortalibus
343 581 495 637 mperatres
509 579 665 639 existimoad
682 579 719 628 tta
733 587 814 628 tamen
826 587 854 630 ιιι
866 579 892 628 ln
906 585 1027 638 quasdam
1039 583 1102 632 Novi
1111 583 1264 648 continente

154 649 270 707 regiones
278 659 310 695 ex
319 647 441 694 simeonis
451 648 626 697 Lusitanorum
635 649 741 696 coloniis
750 651 864 697 revectos
873 651 1011 702 videantur.

241 713 534 774 lllormtlornrttzsrirtioa
542 719 608 764 liuu.
621 715 911 780 [calebasobNutmeg),
930 719 1208 768 subdublaealtlnitatls
1219 733 1260 769 ar·
1322 735 1325 744 ¹

154 791 209 842 bor,
228 788 300 840 cujus
318 787 426 845 semina,
445 788 499 832 oleo
512 785 644 832 essentiali
653 786 798 844 setatentia,
818 788 889 833 nucis
900 793 1041 835 moechatae
1049 790 1165 836 uirtutem
1174 802 1260 836 aemu-

153 859 252 914 tantur,
270 857 296 900 in
311 855 418 902 Antttlts
430 857 499 901 cruta
511 855 644 917 reperitur,
661 855 832 902 vansimittter
844 865 861 902 a
875 857 979 912 Nigritis
990 869 1022 904 aa
1031 857 1134 905 amicae
1143 864 1261 916 penetra·

152 925 220 974 libus
228 926 323 972 attale.

238 1033 557 1106 *Eupomallem
601 1037 699 1091 Genus
715 1039 871 1091 irenaceis
889 1043 968 1092 arcte
989 1039 1089 1104 afflue,
1115 1041 1165 1092 sed
1186 1041 1260 1094 mira

151 1111 299 1160 structura
307 1107 481 1171 automatum,
492 1113 606 1175 frutex,
624 1107 909 1160 inNovaliollandia
921 1110 1054 1161 orientali
1067 1112 1260 1177 extratropica

153 1183 304 1244 repertus,
322 1176 480 1228 constituit.
518 1179 648 1230 Treuero
666 1173 754 1228 babet
770 1177 919 1245 gracilem,
937 1185 1078 1241 ereetum,
1095 1193 1217 1246 superne
1229 1179 1259 1230 in

150 1261 247 1298 ramos
268 1251 395 1310 teretes,
416 1245 618 1312 subporrectos
635 1244 795 1298 abeuntem.
829 1247 907 1296 Fottu
924 1246 1046 1310 alterna,
1068 1245 1185 1310 bifaria,
1209 1261 1259 1316 pe·
1287 1277 1288 1282 κ

150 1315 255 1365 tiolata
269 1318 297 1366 et
315 1311 499 1382 asstipulata,
519 1315 651 1366 coriacea
668 1319 734 1366 sunt
752 1321 782 1365 et
799 1315 934 1382 utrinque
954 1314 1058 1377 nitida,
1076 1314 1260 1384 integerrima

149 1388 236 1450 atque
252 1387 413 1450 epunctata.
450 1384 594 1434 Peduneutn'
605 1383 633 1434 in
648 1379 784 1434 loliorum
799 1383 1198 1446 axillisnascunturuniilori,
1217 1383 1259 1434 lo-

150 1451 191 1502 lio
211 1451 367 1513 breuiores,
385 1449 494 1502 foliolis
512 1449 631 1503 alternis
651 1451 731 1504 uanis
751 1451 891 1503 bracteati
909 1457 939 1502 et
956 1451 1021 1504 ideo
1039 1452 1259 1504 ramuliiormes.

149 1519 428 1585 Perigoniisimplicis
439 1520 521 1572 tubus
530 1520 708 1582 turbinatus,
724 1535 788 1572 cum
799 1521 926 1588 germine
935 1528 1076 1574 cuneatus
1086 1527 1143 1584 est,
1156 1521 1259 1576 limbus

150 1603 273 1656 superus
293 1587 419 1654 clausus,
435 1589 519 1654 juxta
537 1588 628 1640 basim
646 1589 781 1656 operculo
801 1589 1015 1656 semielliptico,
1038 1587 1146 1642 caduco
1166 1595 1261 1642 mans-

149 1659 254 1709 rersim
266 1654 392 1708 dehiscit.
419 1657 540 1705 Statatna
551 1656 759 1724 plurimalimbi
771 1658 952 1726 perigenialis
961 1659 1079 1725 margini
1093 1657 1260 1726 persistenti

148 1727 257 1776 inserta
275 1733 355 1787 sunt,
372 1723 526 1792 multiplici
545 1725 620 1775 serie
634 1731 664 1776 et
678 1725 794 1777 basibus
807 1726 884 1777 inter
898 1741 929 1778 se
943 1738 1071 1780 connata.
1109 1727 1260 1778 birteriora

149 1792 349 1854 fertiliasunt,
367 1793 743 1860 interioruautemsterilia3
761 1794 920 1860 illapatula
932 1795 1259 1847 r.reileaaeiilamentis

151 1867 362 1928 connpouuntur
381 1876 396 1914 e
415 1862 475 1912 tissi
493 1861 551 1914 lata
568 1861 719 1926 subulatia,
736 1868 821 1932 atque
836 1877 872 1914 ex
886 1860 1013 1916 antherio
1026 1864 1182 1916 introrsum
1197 1879 1259 1931 spe·

150 1931 310 1991 etantibus,
333 1930 552 1994 bilocularibus,
575 1947 693 2000 quarum
711 1931 803 1983 loculi
819 1931 944 1984 lineares
963 1933 1130 1984 connection
1149 1934 1178 1982 in
1199 1947 1257 1986 nru-

150 2015 267 2051 eronem
278 1999 417 2064 producto
432 1999 528 2050 adunati
542 2007 620 2062 sunt,
638 2007 723 2067 atque
738 2001 892 2052 secuudum
909 1999 1114 2065 longitudinem
1128 2001 1257 2068 aperiun-

150 2075 205 2119 tur.
250 2067 371 2116 stantuna
394 2058 696 2135 sterilia⁸petuloidea,
723 2071 827 2120 sensim
846 2068 968 2133 ruinora,
994 2069 1161 2121 imbricatim
1180 2077 1259 2121 arcte
1319 2065 1321 2069 ’

150 2135 316 2198 connivent,
336 2143 421 2204 atque
443 2134 576 2188 antheras
595 2152 612 2188 a
631 2137 812 2204 stigmatibus
830 2145 938 2190 arcent.
974 2142 1084 2188 Gerousa
1102 2137 1224 2190 interum
1243 2153 1258 2189 e

149 2205 245 2256 multis
264 2205 447 2272 componitur
465 2205 568 2256 loculis
586 2207 706 2271 sparsis,
723 2207 758 2258 ad
778 2205 915 2273 angulum
932 2208 1086 2260 centrutenr
1100 2203 1258 2274 gemmulas

149 2273 287 2340 plurimas
299 2273 480 2356 gerentibus,
498 2274 576 2342 apice
589 2275 616 2326 in
636 2278 731 2340 stigma
749 2275 809 2326 abit
826 2274 1048 2341 planiusculum,
1066 2274 1172 2327 areolis
1192 2273 1259 2326 sub·

148 2342 295 2406 rotundis,
324 2341 482 2398 loculorum
507 2358 625 2394 munero
651 2349 789 2396 notatum.
832 2346 922 2392 Bacca
945 2343 1259 2407 turbinato-oboram,

149 2408 380 2472 multilocularis‚
398 2409 479 2462 limbi
498 2411 681 2478 perigonialis
699 2413 826 2478 margine
844 2419 965 2476 angusto
987 2419 1158 2472 coronatur,
1176 2412 1257 2478 apice

150 2484 280 2530 truncato
300 2477 406 2530 areolis
420 2479 549 2546 plurimis
564 2479 718 2550 exsculpta.
753 2484 857 2531 sentina
870 2483 899 2530 in
913 2480 1016 2532 loculis
1031 2479 1161 2532 solitaria
1173 2497 1199 2532 v.
1210 2495 1258 2547 ge·

149 2549 226 2598 mina
243 2548 437 2614 reperiuntur,
456 2548 605 2616 angulata,
622 2553 774 2616 punctata,
786 2547 851 2616 ¹bilo
869 2547 987 2600 basilaei
1004 2555 1034 2602 et
1051 2545 1157 2617 rbapbe
1176 2546 1257 2602 olror·

150 2614 288 2668 daeformi
308 2622 421 2680 usitata,
439 2617 635 2684 integumento
655 2618 763 2669 ururnita
782 2617 902 2684 duplici,
922 2617 1065 2670 exteriore
1083 2616 1256 2672 membrana-

149 2697 213 2748 eeu,
231 2685 368 2736 interiore
378 2688 553 2736 tenuissimo.
579 2684 705 2736 Attamen
716 2701 864 2738 carnosum
875 2686 1059 2752 integumenti
1070 2687 1257 2753 processubus

147 2753 176 2803 in
195 2752 323 2804 lamellas
342 2763 519 2806 transversas
539 2763 701 2822 separatur,
716 2754 800 2822 juxta
816 2752 941 2822 rhapbeu
960 2755 1087 2821 ejusdem
1107 2755 1257 2824 prolonga·
1333 2781 1347 2800 ι

147 2819 225 2872 tione
244 2820 448 2889 longitudinali
464 2822 710 2890 semibipartitum.
745 2827 857 2887 Euterpe
878 2824 907 2874 in
926 2824 986 2875 basi
1001 2824 1152 2876 albuminis
1169 2839 1258 2892 prope

147 2886 235 2940 hilum
254 2891 379 2942 uninurtus
394 2891 566 2954 includitur,
584 2906 600 2942 e
616 2893 808 2956 osculationibus
823 2892 932 2946 duabus
946 2893 1102 2950 tinmribnr
1118 2890 1257 2957 ioliaoeis,

147 2962 206 3011 ote
221 2959 342 3050 rudicula
356 2961 445 3012 tereti
458 2965 602 3012 constans.
833 3048 835 3058 Ι
1037 2993 1040 3000 =

541 3087 670 3132 Genua
696 3095 862 3134 unicust.

490 3157 733 3244 ittoabupotnatia
743 3185 774 3234 R.
783 3185 832 3234 Br.

232 3298 476 3358 (illumatio.
512 3308 626 3354 Stamina
644 3307 753 3366 sterilia,
772 3319 850 3362 supra
868 3305 960 3364 stigma
978 3308 1005 3354 tn
1023 3311 1067 3356 troc
1085 3319 1176 3365 genere
1189 3312 1256 3356 arcto

146 3375 316 3433 conniventia,
336 3380 367 3423 ab
378 3377 480 3424 insectis
491 3377 601 3438 corrodi,
620 3382 643 3424 et
659 3379 706 3423 troc
720 3382 791 3434 pacto
805 3375 894 3432 pollini
909 3387 1039 3424 accessum
1052 3385 1150 3440 patere,
1168 3379 1256 3423 Brom-

147 3443 215 3490 nlum
226 3449 312 3491 testem
322 3449 452 3492 habemus.

338 3625 443 3684 ordo
462 3625 677 3685 Olixxm.
711 3627 1062 3696 Somaundraceae.

229 3748 366 3810 Frtttrbcs
387 3743 573 3825 sarmentosi,
601 3751 708 3832 glabri,
737 3771 825 3812 succo
849 3757 977 3813 mudoso.
1021 3755 1109 3814 Folio
1132 3751 1254 3827 alterna,

146 3831 300 3912 simplicia,
329 3837 528 3914 penninervia,
558 3839 746 3918 integerrimo
772 3859 801 3899 r.
829 3837 1019 3912 denticulata,
1053 3840 1255 3911 crassiuseula,

144 3937 231 3997 saepe
250 3921 570 4002 pellucido-‘punctuta,
599 3924 783 4004 exstipulata.
828 3927 934 3985 Florae
950 3926 1129 4005 imperfecti,
1157 3927 1185 3984 iu
1205 3945 1255 4004 pe·

145 4001 275 4064 duuculis
297 4008 464 4067 exilioribus
487 4029 514 4068 v.
534 4009 713 4081 lateralibus,
741 4009 878 4070 solitariis
900 4021 950 4070 aut
972 4012 1127 4082 confertis,
1158 4009 1255 4069 iurbri·

145 4091 229 4149 sotim
248 4089 437 4154 bracteolatis
454 4095 591 4168 solitarii,
609 4095 705 4176 parvi,
729 4096 894 4178 plerumque
913 4095 1039 4157 odorati.
1088 4099 1186 4174 Calpo
1205 4091 1269 4154 tri·'

142 4173 346 4258 bexapbyllus,
370 4179 478 4240 foliolis
494 4181 655 4254 biseriatis,
677 4181 841 4242 alternatim
858 4181 1032 4255 imbricatis,
1059 4180 1255 4242 artemonibus

75 4265 78 4272 '
143 4265 230 4340 saepe
261 4264 436 4340 minoribus,
469 4267 620 4340 concavis,
650 4265 792 4330 deciduis.
847 4269 986 4331 Cot-ollae
1015 4267 1115 4348 potale
1142 4285 1195 4326 sen
1223 4287 1251 4328 v.

143 4365 258 4421 rorem,
287 4349 343 4410 imo
366 4363 430 4412 toro
448 4354 559 4415 inserta
576 4353 793 4428 bi·triaeriata,
822 4355 874 4414 sub
893 4355 1005 4416 antheri
1023 4352 1255 4431 erecto-{conob
1341 4407 1350 4424 ‚

143 4433 252 4508 nentia,
281 4434 438 4503 deciduo..
466 4439 496 4500 ln
511 4440 644 4521 floribus
664 4443 883 4531 stumt'm'gertb:
915 4442 1050 4502 Stomtito
1077 4459 1149 4499 nune
1176 4439 1254 4498 iude·
