<?xml version="1.0" encoding="UTF-8"?>
<!DOCTYPE html PUBLIC "-//W3C//DTD XHTML 1.0 Transitional//EN"
    "http://www.w3.org/TR/xhtml1/DTD/xhtml1-transitional.dtd">
<html xmlns="http://www.w3.org/1999/xhtml" xml:lang="en" lang="en">
 <head>
  <title>
</title>
<meta http-equiv="Content-Type" content="text/html;charset=utf-8" />
  <meta name='ocr-system' content='tesseract 3.04.00' />
  <meta name='ocr-capabilities' content='ocr_page ocr_carea ocr_par ocr_line ocrx_word'/>
</head>
<body>
  <div class='ocr_page' id='page_1' title='image "./enchiridionbota00endlgoog/enchiridionbota00endlgoog_0017.png"; bbox 0 0 2942 5040; ppageno 0'>
   <div class='ocr_carea' id='block_1_1' title="bbox 378 1230 1309 1378">
    <p class='ocr_par' dir='ltr' id='par_1_1' title="bbox 378 1230 1309 1378">
     <span class='ocr_line' id='line_1_1' title="bbox 378 1230 1309 1378; baseline -0.006 -34"><span class='ocrx_word' id='word_1_1' title='bbox 378 1235 550 1378; x_wconf 83' lang='lat' dir='ltr'><strong>chio</strong></span> <span class='ocrx_word' id='word_1_2' title='bbox 578 1239 617 1342; x_wconf 92' lang='lat' dir='ltr'><strong>l.</strong></span> <span class='ocrx_word' id='word_1_3' title='bbox 664 1233 1026 1378; x_wconf 75' lang='lat' dir='ltr'><strong>&#39;l&#39;hallupbyta</strong></span> <span class='ocrx_word' id='word_1_4' title='bbox 1093 1230 1098 1242; x_wconf 82' lang='lat'><em>&#39;</em></span> <span class='ocrx_word' id='word_1_5' title='bbox 1306 1233 1309 1240; x_wconf 77' lang='grc'><strong>’</strong></span> 
     </span>
    </p>
   </div>
   <div class='ocr_carea' id='block_1_2' title="bbox 19 1447 1259 1800">
    <p class='ocr_par' dir='ltr' id='par_1_2' title="bbox 19 1447 1259 1800">
     <span class='ocr_line' id='line_1_2' title="bbox 19 1447 803 1590; baseline -0.003 -23"><span class='ocrx_word' id='word_1_6' title='bbox 19 1447 24 1461; x_wconf 79' lang='lat'><strong>·</strong></span> <span class='ocrx_word' id='word_1_7' title='bbox 141 1459 396 1590; x_wconf 62' lang='lat' dir='ltr'><strong>&#39;iltutopuya</strong></span> <span class='ocrx_word' id='word_1_8' title='bbox 412 1491 661 1589; x_wconf 76' lang='lat' dir='ltr'><strong>pautacbobrya</strong></span> <span class='ocrx_word' id='word_1_9' title='bbox 676 1489 803 1579; x_wconf 71' lang='lat' dir='ltr'><strong>arbita</strong></span> 
     </span>
     <span class='ocr_line' id='line_1_3' title="bbox 263 1598 1257 1699; baseline 0 -26"><span class='ocrx_word' id='word_1_10' title='bbox 263 1599 503 1696; x_wconf 76' lang='lat' dir='ltr'><strong>Vegetabs’ls&#39;u</strong></span> <span class='ocrx_word' id='word_1_11' title='bbox 519 1627 539 1678; x_wconf 88' lang='lat' dir='ltr'><strong>c</strong></span> <span class='ocrx_word' id='word_1_12' title='bbox 557 1602 689 1676; x_wconf 88' lang='lat' dir='ltr'><strong>cellulis</strong></span> <span class='ocrx_word' id='word_1_13' title='bbox 705 1599 962 1699; x_wconf 80' lang='lat' dir='ltr'><strong>irregularibus,</strong></span> <span class='ocrx_word' id='word_1_14' title='bbox 978 1625 1068 1674; x_wconf 89' lang='lat' dir='ltr'><strong>nunc</strong></span> <span class='ocrx_word' id='word_1_15' title='bbox 1084 1598 1257 1694; x_wconf 82' lang='lat' dir='ltr'><strong>solitariis,</strong></span> 
     </span>
     <span class='ocr_line' id='line_1_4' title="bbox 146 1701 1259 1800; baseline -0.004 -20"><span class='ocrx_word' id='word_1_16' title='bbox 146 1707 297 1780; x_wconf 88' lang='lat' dir='ltr'><strong>nnnc-in</strong></span> <span class='ocrx_word' id='word_1_17' title='bbox 317 1707 438 1782; x_wconf 85' lang='lat' dir='ltr'><strong>seriem</strong></span> <span class='ocrx_word' id='word_1_18' title='bbox 458 1704 634 1798; x_wconf 80' lang='lat' dir='ltr'><strong>ordinatis,</strong></span> <span class='ocrx_word' id='word_1_19' title='bbox 655 1705 709 1778; x_wconf 87' lang='lat' dir='ltr'><strong>rel</strong></span> <span class='ocrx_word' id='word_1_20' title='bbox 733 1705 768 1776; x_wconf 92' lang='lat' dir='ltr'><strong>in</strong></span> <span class='ocrx_word' id='word_1_21' title='bbox 790 1727 911 1800; x_wconf 89' lang='lat' dir='ltr'><strong>corpus</strong></span> <span class='ocrx_word' id='word_1_22' title='bbox 934 1703 1024 1776; x_wconf 88' lang='lat' dir='ltr'><strong>uarie</strong></span> <span class='ocrx_word' id='word_1_23' title='bbox 1048 1701 1259 1800; x_wconf 84' lang='lat' dir='ltr'><strong>effiguretum</strong></span> 
     </span>
    </p>
   </div>
   <div class='ocr_carea' id='block_1_3' title="bbox 21 1806 1259 1904">
    <p class='ocr_par' dir='ltr' id='par_1_3' title="bbox 21 1806 1259 1904">
     <span class='ocr_line' id='line_1_5' title="bbox 21 1806 1259 1904; baseline -0.005 -22"><span class='ocrx_word' id='word_1_24' title='bbox 21 1834 25 1849; x_wconf 92' lang='grc'><strong><em>·</em></strong></span> <span class='ocrx_word' id='word_1_25' title='bbox 148 1808 332 1900; x_wconf 76' lang='lat' dir='ltr'><strong>contextis,</strong></span> <span class='ocrx_word' id='word_1_26' title='bbox 350 1808 515 1904; x_wconf 76' lang='lat' dir='ltr'><strong>contiguis</strong></span> <span class='ocrx_word' id='word_1_27' title='bbox 527 1831 557 1879; x_wconf 89' lang='grc' dir='ltr'><strong>ι.</strong></span> <span class='ocrx_word' id='word_1_28' title='bbox 567 1807 751 1880; x_wconf 89' lang='lat' dir='ltr'><strong>substantia</strong></span> <span class='ocrx_word' id='word_1_29' title='bbox 759 1807 978 1904; x_wconf 85' lang='lat' dir='ltr'><strong>homogenea,</strong></span> <span class='ocrx_word' id='word_1_30' title='bbox 994 1809 1100 1902; x_wconf 89' lang='lat' dir='ltr'><strong>magis</strong></span> <span class='ocrx_word' id='word_1_31' title='bbox 1109 1806 1259 1878; x_wconf 86' lang='lat' dir='ltr'><strong>minusue</strong></span> 
     </span>
    </p>
   </div>
   <div class='ocr_carea' id='block_1_4' title="bbox 148 1908 1260 2415">
    <p class='ocr_par' dir='ltr' id='par_1_4' title="bbox 148 1908 1260 2415">
     <span class='ocr_line' id='line_1_6' title="bbox 148 1908 1260 2008; baseline -0.006 -24"><span class='ocrx_word' id='word_1_32' title='bbox 148 1911 289 2008; x_wconf 75' lang='lat' dir='ltr'><strong>copiosa</strong></span> <span class='ocrx_word' id='word_1_33' title='bbox 302 1911 497 2006; x_wconf 88' lang='lat' dir='ltr'><strong>interposita</strong></span> <span class='ocrx_word' id='word_1_34' title='bbox 512 1909 670 2008; x_wconf 72' lang='lat' dir='ltr'><strong>sejumtis</strong></span> <span class='ocrx_word' id='word_1_35' title='bbox 687 1909 885 2007; x_wconf 83' lang='lat' dir='ltr'><strong>compositu,</strong></span> <span class='ocrx_word' id='word_1_36' title='bbox 906 1909 993 1980; x_wconf 83' lang='lat' dir='ltr'><strong>uasis</strong></span> <span class='ocrx_word' id='word_1_37' title='bbox 1011 1908 1182 1999; x_wconf 82' lang='lat' dir='ltr'><strong>destituta,</strong></span> <span class='ocrx_word' id='word_1_38' title='bbox 1201 1930 1260 1978; x_wconf 93' lang='lat' dir='ltr'><strong>or-</strong></span> 
     </span>
     <span class='ocr_line' id='line_1_7' title="bbox 148 2009 1260 2110; baseline -0.004 -26"><span class='ocrx_word' id='word_1_39' title='bbox 148 2013 251 2110; x_wconf 87' lang='lat' dir='ltr'><strong>ganis</strong></span> <span class='ocrx_word' id='word_1_40' title='bbox 269 2012 485 2105; x_wconf 77' lang='lat' dir='ltr'><strong>indistinctis,</strong></span> <span class='ocrx_word' id='word_1_41' title='bbox 505 2012 542 2083; x_wconf 92' lang='lat' dir='ltr'><strong>in</strong></span> <span class='ocrx_word' id='word_1_42' title='bbox 562 2011 714 2084; x_wconf 83' lang='lat' dir='ltr'><strong>frondem</strong></span> <span class='ocrx_word' id='word_1_43' title='bbox 737 2011 880 2084; x_wconf 83' lang='lat' dir='ltr'><strong>coalitis.</strong></span> <span class='ocrx_word' id='word_1_44' title='bbox 917 2009 1064 2108; x_wconf 72' lang='lat' dir='ltr'><strong>Spem</strong></span> <span class='ocrx_word' id='word_1_45' title='bbox 1080 2033 1140 2108; x_wconf 90' lang='lat' dir='ltr'><strong>per</strong></span> <span class='ocrx_word' id='word_1_46' title='bbox 1156 2016 1260 2080; x_wconf 90' lang='lat' dir='ltr'><strong>totam</strong></span> 
     </span>
     <span class='ocr_line' id='line_1_8' title="bbox 148 2112 1260 2212; baseline -0.006 -23"><span class='ocrx_word' id='word_1_47' title='bbox 148 2113 358 2212; x_wconf 72' lang='lat' dir='ltr'><strong>superficiem</strong></span> <span class='ocrx_word' id='word_1_48' title='bbox 380 2137 531 2211; x_wconf 78' lang='lat' dir='ltr'><strong>sparsae,</strong></span> <span class='ocrx_word' id='word_1_49' title='bbox 554 2139 572 2186; x_wconf 92' lang='lat' dir='ltr'><strong>e</strong></span> <span class='ocrx_word' id='word_1_50' title='bbox 595 2114 724 2204; x_wconf 82' lang='lat' dir='ltr'><strong>nucleis</strong></span> <span class='ocrx_word' id='word_1_51' title='bbox 741 2113 1130 2205; x_wconf 83' lang='lat' dir='ltr'><strong>cellularumlormatae,</strong></span> <span class='ocrx_word' id='word_1_52' title='bbox 1151 2112 1260 2185; x_wconf 88' lang='lat' dir='ltr'><strong>iuter-</strong></span> 
     </span>
     <span class='ocr_line' id='line_1_9' title="bbox 149 2214 1259 2312; baseline -0.002 -24"><span class='ocrx_word' id='word_1_53' title='bbox 149 2216 229 2290; x_wconf 74' lang='lat' dir='ltr'><strong>slnm</strong></span> <span class='ocrx_word' id='word_1_54' title='bbox 254 2217 342 2288; x_wconf 86' lang='lat' dir='ltr'><strong>iutra</strong></span> <span class='ocrx_word' id='word_1_55' title='bbox 366 2216 481 2290; x_wconf 86' lang='lat' dir='ltr'><strong>thecas</strong></span> <span class='ocrx_word' id='word_1_56' title='bbox 506 2217 660 2312; x_wconf 87' lang='lat' dir='ltr'><strong>proprias</strong></span> <span class='ocrx_word' id='word_1_57' title='bbox 686 2224 819 2309; x_wconf 90' lang='lat' dir='ltr'><strong>enatae,</strong></span> <span class='ocrx_word' id='word_1_58' title='bbox 849 2215 1087 2312; x_wconf 79' lang='lat' dir='ltr'><strong>germinatione</strong></span> <span class='ocrx_word' id='word_1_59' title='bbox 1113 2214 1259 2310; x_wconf 88' lang='lat' dir='ltr'><strong>nudique</strong></span> 
     </span>
     <span class='ocr_line' id='line_1_10' title="bbox 150 2319 338 2415; baseline -0.011 -23"><span class='ocrx_word' id='word_1_60' title='bbox 150 2319 338 2415; x_wconf 81' lang='lat' dir='ltr'><strong>elongatae.</strong></span> 
     </span>
    </p>
   </div>
   <div class='ocr_carea' id='block_1_5' title="bbox 237 2432 1260 2513">
    <p class='ocr_par' dir='ltr' id='par_1_5' title="bbox 237 2432 1260 2513">
     <span class='ocr_line' id='line_1_11' title="bbox 237 2432 1260 2513; baseline -0.003 -19"><span class='ocrx_word' id='word_1_61' title='bbox 237 2433 427 2513; x_wconf 74' lang='lat' dir='ltr'><strong>&#39;l&#39;luellopbyta</strong></span> <span class='ocrx_word' id='word_1_62' title='bbox 445 2441 588 2494; x_wconf 82' lang='lat' dir='ltr'><strong>structura</strong></span> <span class='ocrx_word' id='word_1_63' title='bbox 605 2433 836 2513; x_wconf 74' lang='lat' dir='ltr'><strong>imperfectiora,</strong></span> <span class='ocrx_word' id='word_1_64' title='bbox 854 2434 958 2494; x_wconf 88' lang='lat' dir='ltr'><strong>seriem</strong></span> <span class='ocrx_word' id='word_1_65' title='bbox 977 2435 1054 2494; x_wconf 87' lang='lat' dir='ltr'><strong>iuter</strong></span> <span class='ocrx_word' id='word_1_66' title='bbox 1070 2432 1182 2512; x_wconf 87' lang='lat' dir='ltr'><strong>plautas</strong></span> <span class='ocrx_word' id='word_1_67' title='bbox 1197 2433 1260 2492; x_wconf 86' lang='lat' dir='ltr'><strong>aui·</strong></span> 
     </span>
    </p>
   </div>
   <div class='ocr_carea' id='block_1_6' title="bbox 11 2518 1459 2940">
    <p class='ocr_par' dir='ltr' id='par_1_6' title="bbox 11 2518 1459 2940">
     <span class='ocr_line' id='line_1_12' title="bbox 151 2518 1344 2598; baseline 0 -20"><span class='ocrx_word' id='word_1_68' title='bbox 151 2519 274 2578; x_wconf 77' lang='lat' dir='ltr'><strong>malibus</strong></span> <span class='ocrx_word' id='word_1_69' title='bbox 294 2518 487 2578; x_wconf 79' lang='lat' dir='ltr'><strong>evertebratis</strong></span> <span class='ocrx_word' id='word_1_70' title='bbox 508 2519 659 2598; x_wconf 82' lang='lat' dir='ltr'><strong>analogum</strong></span> <span class='ocrx_word' id='word_1_71' title='bbox 683 2521 871 2589; x_wconf 86' lang='lat' dir='ltr'><strong>constituunt,</strong></span> <span class='ocrx_word' id='word_1_72' title='bbox 898 2530 929 2578; x_wconf 91' lang='lat' dir='ltr'><strong>et</strong></span> <span class='ocrx_word' id='word_1_73' title='bbox 951 2538 1003 2598; x_wconf 90' lang='lat' dir='ltr'><strong>per</strong></span> <span class='ocrx_word' id='word_1_74' title='bbox 1025 2529 1180 2589; x_wconf 83' lang='lat' dir='ltr'><strong>terrarum,</strong></span> <span class='ocrx_word' id='word_1_75' title='bbox 1204 2535 1260 2596; x_wconf 86' lang='lat' dir='ltr'><strong>qua</strong></span> <span class='ocrx_word' id='word_1_76' title='bbox 1339 2567 1344 2578; x_wconf 82' lang='grc'><strong>.</strong></span> 
     </span>
     <span class='ocr_line' id='line_1_13' title="bbox 11 2602 1258 2684; baseline -0.003 -18"><span class='ocrx_word' id='word_1_77' title='bbox 11 2657 13 2666; x_wconf 77' lang='grc'>,</span> <span class='ocrx_word' id='word_1_78' title='bbox 151 2606 211 2664; x_wconf 78' lang='lat' dir='ltr'><strong>late</strong></span> <span class='ocrx_word' id='word_1_79' title='bbox 229 2613 321 2684; x_wconf 81' lang='lat' dir='ltr'><strong>patet,</strong></span> <span class='ocrx_word' id='word_1_80' title='bbox 344 2604 444 2662; x_wconf 89' lang='lat' dir='ltr'><strong>orbem</strong></span> <span class='ocrx_word' id='word_1_81' title='bbox 467 2625 578 2684; x_wconf 84' lang='lat' dir='ltr'><strong>sparsa,</strong></span> <span class='ocrx_word' id='word_1_82' title='bbox 601 2602 710 2664; x_wconf 81' lang='lat' dir='ltr'><strong>aridam</strong></span> <span class='ocrx_word' id='word_1_83' title='bbox 728 2623 863 2684; x_wconf 84' lang='lat' dir='ltr'><strong>mareque</strong></span> <span class='ocrx_word' id='word_1_84' title='bbox 882 2605 1001 2683; x_wconf 87' lang='lat' dir='ltr'><strong>eopiosa</strong></span> <span class='ocrx_word' id='word_1_85' title='bbox 1019 2604 1100 2682; x_wconf 87' lang='lat' dir='ltr'><strong>prola</strong></span> <span class='ocrx_word' id='word_1_86' title='bbox 1118 2603 1258 2662; x_wconf 90' lang='lat' dir='ltr'><strong>incolunt.</strong></span> 
     </span>
     <span class='ocr_line' id='line_1_14' title="bbox 11 2687 1260 2770; baseline 0.002 -26"><span class='ocrx_word' id='word_1_87' title='bbox 11 2719 12 2744; x_wconf 73' lang='lat' dir='ltr'><strong>t</strong></span> <span class='ocrx_word' id='word_1_88' title='bbox 150 2689 277 2750; x_wconf 78' lang='lat' dir='ltr'><strong>Plurima</strong></span> <span class='ocrx_word' id='word_1_89' title='bbox 298 2690 379 2770; x_wconf 86' lang='lat' dir='ltr'><strong>aquis</strong></span> <span class='ocrx_word' id='word_1_90' title='bbox 401 2690 530 2748; x_wconf 80' lang='lat' dir='ltr'><strong>innatant</strong></span> <span class='ocrx_word' id='word_1_91' title='bbox 551 2709 578 2748; x_wconf 82' lang='lat' dir='ltr'><strong>v.</strong></span> <span class='ocrx_word' id='word_1_92' title='bbox 602 2689 749 2750; x_wconf 87' lang='lat' dir='ltr'><strong>submersa</strong></span> <span class='ocrx_word' id='word_1_93' title='bbox 770 2689 822 2750; x_wconf 88' lang='lat' dir='ltr'><strong>sub</strong></span> <span class='ocrx_word' id='word_1_94' title='bbox 844 2690 947 2749; x_wconf 89' lang='lat' dir='ltr'><strong>oceani</strong></span> <span class='ocrx_word' id='word_1_95' title='bbox 965 2691 1066 2767; x_wconf 85' lang='lat' dir='ltr'><strong>vigent</strong></span> <span class='ocrx_word' id='word_1_96' title='bbox 1082 2687 1178 2760; x_wconf 85' lang='lat' dir='ltr'><strong>undis,</strong></span> <span class='ocrx_word' id='word_1_97' title='bbox 1202 2689 1260 2747; x_wconf 86' lang='lat' dir='ltr'><strong>alia</strong></span> 
     </span>
     <span class='ocr_line' id='line_1_15' title="bbox 149 2773 1459 2854; baseline -0.002 -20"><span class='ocrx_word' id='word_1_98' title='bbox 149 2777 180 2834; x_wconf 92' lang='lat' dir='ltr'><strong>in</strong></span> <span class='ocrx_word' id='word_1_99' title='bbox 207 2775 272 2834; x_wconf 78' lang='lat' dir='ltr'><strong>selo</strong></span> <span class='ocrx_word' id='word_1_100' title='bbox 298 2795 328 2836; x_wconf 84' lang='grc' dir='ltr'><strong>ι.</strong></span> <span class='ocrx_word' id='word_1_101' title='bbox 361 2776 391 2834; x_wconf 92' lang='lat' dir='ltr'><strong>in</strong></span> <span class='ocrx_word' id='word_1_102' title='bbox 414 2773 583 2854; x_wconf 89' lang='lat' dir='ltr'><strong>corporibus</strong></span> <span class='ocrx_word' id='word_1_103' title='bbox 605 2776 752 2854; x_wconf 85' lang='lat' dir='ltr'><strong>organicis</strong></span> <span class='ocrx_word' id='word_1_104' title='bbox 774 2773 1026 2854; x_wconf 82' lang='lat' dir='ltr'><strong>languescentibus</strong></span> <span class='ocrx_word' id='word_1_105' title='bbox 1048 2782 1099 2832; x_wconf 86' lang='lat' dir='ltr'><strong>aut</strong></span> <span class='ocrx_word' id='word_1_106' title='bbox 1121 2774 1259 2832; x_wconf 80' lang='lat' dir='ltr'><strong>emortuis</strong></span> <span class='ocrx_word' id='word_1_107' title='bbox 1385 2823 1386 2826; x_wconf 62' lang='lat'><strong>,</strong></span> <span class='ocrx_word' id='word_1_108' title='bbox 1458 2775 1459 2782; x_wconf 74' lang='grc'>’</span> 
     </span>
     <span class='ocr_line' id='line_1_16' title="bbox 11 2859 1259 2940; baseline -0.001 -21"><span class='ocrx_word' id='word_1_109' title='bbox 11 2895 12 2930; x_wconf 74' lang='grc'>;</span> <span class='ocrx_word' id='word_1_110' title='bbox 151 2862 264 2939; x_wconf 80' lang='lat' dir='ltr'><strong>genita,</strong></span> <span class='ocrx_word' id='word_1_111' title='bbox 279 2861 308 2918; x_wconf 86' lang='lat' dir='ltr'><strong>in</strong></span> <span class='ocrx_word' id='word_1_112' title='bbox 323 2861 388 2918; x_wconf 89' lang='lat' dir='ltr'><strong>imis</strong></span> <span class='ocrx_word' id='word_1_113' title='bbox 404 2871 567 2940; x_wconf 80' lang='lat' dir='ltr'><strong>cryptarum</strong></span> <span class='ocrx_word' id='word_1_114' title='bbox 582 2859 717 2932; x_wconf 86' lang='lat' dir='ltr'><strong>latebris,</strong></span> <span class='ocrx_word' id='word_1_115' title='bbox 732 2870 763 2920; x_wconf 92' lang='lat' dir='ltr'><strong>et</strong></span> <span class='ocrx_word' id='word_1_116' title='bbox 774 2861 804 2919; x_wconf 90' lang='lat' dir='ltr'><strong>in</strong></span> <span class='ocrx_word' id='word_1_117' title='bbox 818 2861 932 2920; x_wconf 87' lang='lat' dir='ltr'><strong>summis</strong></span> <span class='ocrx_word' id='word_1_118' title='bbox 947 2861 1081 2919; x_wconf 91' lang='lat' dir='ltr'><strong>montium</strong></span> <span class='ocrx_word' id='word_1_119' title='bbox 1092 2859 1259 2931; x_wconf 86' lang='lat' dir='ltr'><strong>verticibus,</strong></span> 
     </span>
    </p>
   </div>
   <div class='ocr_carea' id='block_1_7' title="bbox 150 2944 1260 3366">
    <p class='ocr_par' dir='ltr' id='par_1_7' title="bbox 150 2944 1260 3366">
     <span class='ocr_line' id='line_1_17' title="bbox 151 2944 1258 3025; baseline -0.002 -21"><span class='ocrx_word' id='word_1_120' title='bbox 151 2945 227 3006; x_wconf 87' lang='lat' dir='ltr'><strong>locis</strong></span> <span class='ocrx_word' id='word_1_121' title='bbox 238 2946 410 3025; x_wconf 78' lang='lat' dir='ltr'><strong>perfectiori</strong></span> <span class='ocrx_word' id='word_1_122' title='bbox 424 2944 517 3004; x_wconf 86' lang='lat' dir='ltr'><strong>soboli</strong></span> <span class='ocrx_word' id='word_1_123' title='bbox 532 2947 689 3005; x_wconf 86' lang='lat' dir='ltr'><strong>inaccessis</strong></span> <span class='ocrx_word' id='word_1_124' title='bbox 703 2947 860 3017; x_wconf 87' lang='lat' dir='ltr'><strong>luxuriant,</strong></span> <span class='ocrx_word' id='word_1_125' title='bbox 879 2964 934 3005; x_wconf 91' lang='lat' dir='ltr'><strong>nee</strong></span> <span class='ocrx_word' id='word_1_126' title='bbox 952 2945 1124 3005; x_wconf 85' lang='lat' dir='ltr'><strong>thermarum</strong></span> <span class='ocrx_word' id='word_1_127' title='bbox 1138 2955 1258 3016; x_wconf 86' lang='lat' dir='ltr'><strong>aestum,</strong></span> 
     </span>
     <span class='ocr_line' id='line_1_18' title="bbox 150 3027 1258 3110; baseline -0.004 -19"><span class='ocrx_word' id='word_1_128' title='bbox 150 3050 205 3091; x_wconf 84' lang='lat' dir='ltr'><strong>nee</strong></span> <span class='ocrx_word' id='word_1_129' title='bbox 230 3031 353 3091; x_wconf 81' lang='lat' dir='ltr'><strong>extremi</strong></span> <span class='ocrx_word' id='word_1_130' title='bbox 376 3031 591 3109; x_wconf 88' lang='lat' dir='ltr'><strong>septemtrionis</strong></span> <span class='ocrx_word' id='word_1_131' title='bbox 613 3041 759 3091; x_wconf 88' lang='lat' dir='ltr'><strong>aeternam</strong></span> <span class='ocrx_word' id='word_1_132' title='bbox 784 3031 897 3110; x_wconf 82' lang='lat' dir='ltr'><strong>fugiunt</strong></span> <span class='ocrx_word' id='word_1_133' title='bbox 920 3031 1057 3110; x_wconf 84' lang='lat' dir='ltr'><strong>glaciem,</strong></span> <span class='ocrx_word' id='word_1_134' title='bbox 1081 3027 1133 3090; x_wconf 86' lang='lat' dir='ltr'><strong>sed</strong></span> <span class='ocrx_word' id='word_1_135' title='bbox 1151 3029 1258 3109; x_wconf 89' lang='lat' dir='ltr'><strong>ubique</strong></span> 
     </span>
     <span class='ocr_line' id='line_1_19' title="bbox 151 3114 1259 3197; baseline -0.002 -23"><span class='ocrx_word' id='word_1_136' title='bbox 151 3135 170 3174; x_wconf 81' lang='lat' dir='ltr'><strong>a</strong></span> <span class='ocrx_word' id='word_1_137' title='bbox 185 3118 274 3176; x_wconf 81' lang='lat' dir='ltr'><strong>uariis</strong></span> <span class='ocrx_word' id='word_1_138' title='bbox 291 3117 443 3176; x_wconf 85' lang='lat' dir='ltr'><strong>momentis</strong></span> <span class='ocrx_word' id='word_1_139' title='bbox 462 3118 595 3176; x_wconf 87' lang='lat' dir='ltr'><strong>cosmicis</strong></span> <span class='ocrx_word' id='word_1_140' title='bbox 611 3119 693 3176; x_wconf 84' lang='lat' dir='ltr'><strong>varie</strong></span> <span class='ocrx_word' id='word_1_141' title='bbox 711 3114 913 3187; x_wconf 81' lang='lat' dir='ltr'><strong>determinata,</strong></span> <span class='ocrx_word' id='word_1_142' title='bbox 936 3116 1086 3197; x_wconf 86' lang='lat' dir='ltr'><strong>multiplici</strong></span> <span class='ocrx_word' id='word_1_143' title='bbox 1103 3114 1259 3174; x_wconf 79' lang='lat' dir='ltr'><strong>formarum</strong></span> 
     </span>
     <span class='ocr_line' id='line_1_20' title="bbox 154 3200 1260 3282; baseline -0.002 -22"><span class='ocrx_word' id='word_1_144' title='bbox 154 3203 291 3262; x_wconf 80' lang='lat' dir='ltr'><strong>varietate</strong></span> <span class='ocrx_word' id='word_1_145' title='bbox 318 3211 349 3260; x_wconf 92' lang='lat' dir='ltr'><strong>et</strong></span> <span class='ocrx_word' id='word_1_146' title='bbox 371 3202 520 3260; x_wconf 86' lang='lat' dir='ltr'><strong>innumera</strong></span> <span class='ocrx_word' id='word_1_147' title='bbox 541 3200 751 3272; x_wconf 80' lang='lat' dir='ltr'><strong>individuorum</strong></span> <span class='ocrx_word' id='word_1_148' title='bbox 775 3202 860 3282; x_wconf 89' lang='lat' dir='ltr'><strong>copia</strong></span> <span class='ocrx_word' id='word_1_149' title='bbox 880 3203 989 3280; x_wconf 83' lang='lat' dir='ltr'><strong>uigent.</strong></span> <span class='ocrx_word' id='word_1_150' title='bbox 1038 3200 1162 3260; x_wconf 87' lang='lat' dir='ltr'><strong>Plurima</strong></span> <span class='ocrx_word' id='word_1_151' title='bbox 1182 3200 1260 3258; x_wconf 88' lang='lat' dir='ltr'><strong>inter</strong></span> 
     </span>
     <span class='ocr_line' id='line_1_21' title="bbox 153 3286 831 3366; baseline 0.001 -20"><span class='ocrx_word' id='word_1_152' title='bbox 153 3287 239 3346; x_wconf 80' lang='lat' dir='ltr'><strong>vitan</strong></span> <span class='ocrx_word' id='word_1_153' title='bbox 255 3287 407 3348; x_wconf 71' lang='lat' dir='ltr'><strong>ani-alem</strong></span> <span class='ocrx_word' id='word_1_154' title='bbox 425 3297 455 3347; x_wconf 92' lang='lat' dir='ltr'><strong>et</strong></span> <span class='ocrx_word' id='word_1_155' title='bbox 472 3286 665 3366; x_wconf 80' lang='lat' dir='ltr'><strong>vegetabilem</strong></span> <span class='ocrx_word' id='word_1_156' title='bbox 682 3289 831 3348; x_wconf 85' lang='lat' dir='ltr'><strong>fluctuant.</strong></span> 
     </span>
    </p>
   </div>
   <div class='ocr_carea' id='block_1_8' title="bbox 382 3475 1027 3576">
    <p class='ocr_par' dir='ltr' id='par_1_8' title="bbox 382 3475 1027 3576">
     <span class='ocr_line' id='line_1_22' title="bbox 382 3475 1027 3576; baseline -0.003 -16"><span class='ocrx_word' id='word_1_157' title='bbox 382 3475 562 3560; x_wconf 76' lang='lat' dir='ltr'><strong>Scotto</strong></span> <span class='ocrx_word' id='word_1_158' title='bbox 578 3475 627 3560; x_wconf 87' lang='grc' dir='ltr'><strong>Ι.</strong></span> <span class='ocrx_word' id='word_1_159' title='bbox 668 3475 1027 3576; x_wconf 72' lang='lat' dir='ltr'><strong>Protounrta</strong></span> 
     </span>
    </p>
   </div>
   <div class='ocr_carea' id='block_1_9' title="bbox 150 3625 1260 3832">
    <p class='ocr_par' dir='ltr' id='par_1_9' title="bbox 150 3625 1260 3832">
     <span class='ocr_line' id='line_1_23' title="bbox 236 3625 1260 3729; baseline 0.002 -27"><span class='ocrx_word' id='word_1_160' title='bbox 236 3625 323 3702; x_wconf 87' lang='lat' dir='ltr'><strong>Sine</strong></span> <span class='ocrx_word' id='word_1_161' title='bbox 347 3629 446 3704; x_wconf 90' lang='lat' dir='ltr'><strong>burno</strong></span> <span class='ocrx_word' id='word_1_162' title='bbox 469 3639 580 3726; x_wconf 87' lang='lat' dir='ltr'><strong>enata,</strong></span> <span class='ocrx_word' id='word_1_163' title='bbox 611 3633 808 3706; x_wconf 88' lang='lat' dir='ltr'><strong>elementum</strong></span> <span class='ocrx_word' id='word_1_164' title='bbox 835 3633 984 3706; x_wconf 87' lang='lat' dir='ltr'><strong>nutriens</strong></span> <span class='ocrx_word' id='word_1_165' title='bbox 1011 3629 1153 3729; x_wconf 86' lang='lat' dir='ltr'><strong>undique</strong></span> <span class='ocrx_word' id='word_1_166' title='bbox 1173 3629 1260 3704; x_wconf 88' lang='lat' dir='ltr'><strong>bau-</strong></span> 
     </span>
     <span class='ocr_line' id='line_1_24' title="bbox 150 3725 1172 3832; baseline 0.007 -31"><span class='ocrx_word' id='word_1_167' title='bbox 150 3729 292 3824; x_wconf 84' lang='lat' dir='ltr'><strong>rientia,</strong></span> <span class='ocrx_word' id='word_1_168' title='bbox 309 3731 583 3808; x_wconf 67' lang='lat' dir='ltr'><strong>{notificationes</strong></span> <span class='ocrx_word' id='word_1_169' title='bbox 599 3735 770 3808; x_wconf 84' lang='lat' dir='ltr'><strong>indefinite</strong></span> <span class='ocrx_word' id='word_1_170' title='bbox 787 3733 1002 3832; x_wconf 88' lang='lat' dir='ltr'><strong>explicantia.</strong></span> <span class='ocrx_word' id='word_1_171' title='bbox 1168 3725 1172 3738; x_wconf 74' lang='grc'><strong>’</strong></span> 
     </span>
    </p>
   </div>
   <div class='ocr_carea' id='block_1_10' title="bbox 479 3898 929 3992">
    <p class='ocr_par' dir='ltr' id='par_1_10' title="bbox 479 3898 929 3992">
     <span class='ocr_line' id='line_1_25' title="bbox 479 3898 929 3992; baseline 0 -20"><span class='ocrx_word' id='word_1_172' title='bbox 479 3899 661 3974; x_wconf 71' lang='lat' dir='ltr'><strong>massis</strong></span> <span class='ocrx_word' id='word_1_173' title='bbox 681 3901 723 3973; x_wconf 89' lang='lat' dir='ltr'><strong>l.</strong></span> <span class='ocrx_word' id='word_1_174' title='bbox 756 3898 929 3992; x_wconf 74' lang='lat' dir='ltr'><strong>Algae.</strong></span> 
     </span>
    </p>
   </div>
   <div class='ocr_carea' id='block_1_11' title="bbox 147 4035 1259 4450">
    <p class='ocr_par' dir='ltr' id='par_1_11' title="bbox 237 4035 623 4140">
     <span class='ocr_line' id='line_1_26' title="bbox 237 4035 623 4140; baseline 0.023 -31"><span class='ocrx_word' id='word_1_175' title='bbox 237 4035 443 4137; x_wconf 77' lang='lat' dir='ltr'><strong>Protoplupte</strong></span> <span class='ocrx_word' id='word_1_176' title='bbox 458 4045 623 4140; x_wconf 85' lang='lat' dir='ltr'><strong>aquatica.</strong></span> 
     </span>
    </p>

    <p class='ocr_par' dir='ltr' id='par_1_12' title="bbox 147 4139 1259 4450">
     <span class='ocr_line' id='line_1_27' title="bbox 236 4139 1259 4246; baseline 0.006 -34"><span class='ocrx_word' id='word_1_177' title='bbox 236 4139 363 4234; x_wconf 72' lang='lat' dir='ltr'><strong>Algae</strong></span> <span class='ocrx_word' id='word_1_178' title='bbox 392 4151 469 4217; x_wconf 89' lang='lat' dir='ltr'><strong>sunt</strong></span> <span class='ocrx_word' id='word_1_179' title='bbox 497 4146 696 4244; x_wconf 79' lang='lat' dir='ltr'><strong>vegetabilis</strong></span> <span class='ocrx_word' id='word_1_180' title='bbox 725 4145 878 4244; x_wconf 86' lang='lat' dir='ltr'><strong>aquatica</strong></span> <span class='ocrx_word' id='word_1_181' title='bbox 907 4172 939 4222; x_wconf 92' lang='grc' dir='ltr'><strong>ι.</strong></span> <span class='ocrx_word' id='word_1_182' title='bbox 968 4145 1144 4246; x_wconf 76' lang='lat' dir='ltr'><strong>bygrobia,</strong></span> <span class='ocrx_word' id='word_1_183' title='bbox 1169 4141 1259 4218; x_wconf 82' lang='lat' dir='ltr'><strong>nuda</strong></span> 
     </span>
     <span class='ocr_line' id='line_1_28' title="bbox 147 4241 1259 4346; baseline 0.005 -32"><span class='ocrx_word' id='word_1_184' title='bbox 147 4241 221 4314; x_wconf 86' lang='lat' dir='ltr'><strong>siue</strong></span> <span class='ocrx_word' id='word_1_185' title='bbox 241 4243 279 4315; x_wconf 89' lang='lat' dir='ltr'><strong>in</strong></span> <span class='ocrx_word' id='word_1_186' title='bbox 300 4245 446 4340; x_wconf 87' lang='lat' dir='ltr'><strong>gelatina</strong></span> <span class='ocrx_word' id='word_1_187' title='bbox 462 4249 622 4346; x_wconf 88' lang='lat' dir='ltr'><strong>organica</strong></span> <span class='ocrx_word' id='word_1_188' title='bbox 637 4247 840 4342; x_wconf 86' lang='lat' dir='ltr'><strong>nidulantia,</strong></span> <span class='ocrx_word' id='word_1_189' title='bbox 861 4249 1045 4322; x_wconf 85' lang='lat' dir='ltr'><strong>substantia</strong></span> <span class='ocrx_word' id='word_1_190' title='bbox 1061 4248 1259 4345; x_wconf 89' lang='lat' dir='ltr'><strong>gelatinosa,</strong></span> 
     </span>
     <span class='ocr_line' id='line_1_29' title="bbox 147 4343 1259 4450; baseline 0.009 -34"><span class='ocrx_word' id='word_1_191' title='bbox 147 4343 407 4422; x_wconf 84' lang='lat' dir='ltr'><strong>membranacea</strong></span> <span class='ocrx_word' id='word_1_192' title='bbox 427 4349 479 4426; x_wconf 85' lang='lat' dir='ltr'><strong>vel</strong></span> <span class='ocrx_word' id='word_1_193' title='bbox 499 4352 670 4448; x_wconf 77' lang='lat' dir='ltr'><strong>coriaceus,</strong></span> <span class='ocrx_word' id='word_1_194' title='bbox 696 4377 716 4427; x_wconf 91' lang='lat' dir='ltr'><strong>e</strong></span> <span class='ocrx_word' id='word_1_195' title='bbox 737 4352 868 4426; x_wconf 86' lang='lat' dir='ltr'><strong>cellulis</strong></span> <span class='ocrx_word' id='word_1_196' title='bbox 887 4352 1013 4424; x_wconf 80' lang='lat' dir='ltr'><strong>toruae</strong></span> <span class='ocrx_word' id='word_1_197' title='bbox 1034 4351 1161 4445; x_wconf 81' lang='lat' dir='ltr'><strong>uariae,</strong></span> <span class='ocrx_word' id='word_1_198' title='bbox 1182 4349 1259 4450; x_wconf 87' lang='lat' dir='ltr'><strong>ple-</strong></span> 
     </span>
    </p>
   </div>
   <div class='ocr_carea' id='block_1_12' title="bbox 0 0 1481 5040">
    <p class='ocr_par' dir='ltr' id='par_1_13' title="bbox 0 0 1481 5040">
     <span class='ocr_line' id='line_1_30' title="bbox 0 0 1481 5040; baseline 0 0"><span class='ocrx_word' id='word_1_199' title='bbox 0 0 1481 5040; x_wconf 95' lang='lat' dir='ltr'><strong> </strong></span> 
     </span>
    </p>
   </div>
  </div>
 </body>
</html>
