2988 5040
159 549 508 610 deiudesrsctaslngulares,
526 549 729 600 lnAmsrloacis
737 549 961 599 cancrumviuunt.
996 551 1060 598 illel
1072 551 1268 608 speeiesnsian

158 621 317 677 clstropicam
330 621 483 678 inhabitant,
503 620 665 678 monticolae,
685 617 823 678 eottigona
835 632 892 668 oum
904 617 1065 678 Tragoppro
1073 625 1095 666 et
1106 615 1267 684 strophosi,

158 691 286 738 fruticosis
298 691 445 748 generibus,
463 688 491 734 ln
503 689 583 736 Asiae
594 689 692 736 mediae
704 688 858 744 planitiebus
868 695 1013 736 irascuntur.
1052 686 1195 747 diripiaris,
1215 689 1268 734 Po.

159 757 282 817 doptsrrrr
305 763 330 804 et
354 755 523 814 Coeoototoe,
549 767 656 813 maguae
678 760 793 816 cruores,
819 758 846 803 in
868 757 985 804 Amerlca
1006 757 1105 804 feruida
1126 757 1268 812 gignuntur.

161 825 306 886 Kocrrtgu'a,
325 829 458 875 uersuum
474 824 590 884 minima,
609 830 745 872 extremum
757 825 956 882 septemtrionem
970 830 1043 872 tenet.
1078 823 1269 883 Polygouorma

161 893 329 944 unanima
346 893 554 940 numerosissima
571 905 646 952 gens,
672 897 759 940 luorum
775 895 849 942 sedes
867 906 911 950 per
928 897 1011 942 ortem
1033 897 1153 942 terramm
1173 898 1268 956 patent,

159 965 234 1012 stallo
243 975 260 1010 a
268 963 347 1010 maris
355 963 437 1009 littore
446 963 478 1008 ad
487 961 554 1008 nivis
564 962 666 1018 alpinae
675 963 792 1010 terminos
802 963 964 1018 protenditur.

243 1039 467 1107 Quantam
483 1054 510 1094 et
525 1055 627 1098 liam·
662 1047 817 1094 Affinitatem
830 1050 970 1094 naturalem
987 1048 1108 1102 qualitate
1126 1047 1270 1094 confirmant

160 1119 359 1173 Polygcnearum
377 1129 481 1176 genera,
508 1115 654 1171 multiplicis
672 1127 744 1162 usus.
788 1119 851 1161 Nam
868 1121 952 1171 partes
969 1118 1106 1162 herbaceae
1128 1116 1268 1174 plurimum,

160 1186 310 1233 substantiis
324 1187 420 1243 acidis,
437 1185 509 1232 acido
523 1184 644 1239 imprimis
659 1185 772 1243 oxailco,
790 1184 878 1230 cltrlco
890 1188 915 1229 ct
931 1183 1022 1230 multuo
1039 1183 1131 1242 tostae,
1149 1183 1215 1230 inter
1232 1183 1272 1230 cl·

161 1254 233 1300 uaria
241 1258 266 1300 et
275 1254 414 1301 medicinas
424 1253 550 1300 admissae
559 1258 631 1312 sunt,
650 1254 708 1298 dum
717 1254 893 1298 nonnullarum
902 1252 1000 1298 semina
1008 1254 1140 1305 amylacea
1153 1251 1270 1300 frumenti

161 1322 262 1377 inopiae
274 1323 417 1380 proritent,
435 1327 460 1368 et
472 1323 499 1368 in
514 1317 641 1366 radicibus
654 1322 827 1377 plerarumque
839 1319 997 1366 substantiae
1010 1319 1206 1379 adstringentes,
1225 1321 1270 1366 ad·

160 1390 246 1436 mtntls
255 1389 440 1443 inquibusdaui
449 1389 756 1436 umaro-resinosisvarlo
766 1394 956 1442 temperamento
970 1387 1116 1446 principiis,
1135 1393 1185 1434 tam
1198 1400 1270 1444 egre-

160 1459 218 1514 giae
239 1458 397 1504 continentur
414 1457 527 1514 virtutis,
550 1461 578 1502 ut
596 1457 719 1512 plurimus
740 1457 845 1504 istarum
863 1459 895 1504 ab
916 1455 1102 1510 antiquissimis
1119 1457 1270 1511 temnendus

163 1525 228 1572 luter
244 1525 422 1574 efficacissima
437 1528 576 1572 moruorum
593 1525 703 1571 remedia
720 1535 794 1586 usus,
822 1526 976 1580 quamudam
997 1530 1117 1581 perpetua
1138 1525 1271 1574 hodiedum

127 1649 134 1660 ,
162 1596 228 1650 apud
236 1595 347 1642 medicos
356 1597 413 1641 lan
422 1597 529 1641 maneat.

243 1680 283 1724 lie
294 1675 364 1722 liaeo
378 1690 438 1736 prqe
447 1677 551 1734 reliquis
562 1678 657 1736 dicere,
675 1677 829 1738 medicinae,
847 1681 1045 1739 quampraebet,
1064 1679 1173 1736 dignitus
1183 1684 1270 1734 postu-

161 1751 205 1794 lat.
240 1748 358 1804 (teneris,
375 1748 474 1793 liumlei
488 1753 571 1792 nostro
586 1753 652 1792 arcte
666 1747 812 1803 propinqui,
830 1747 962 1794 sedetiam
982 1747 1074 1794 loturae
1091 1750 1179 1794 decore
1197 1747 1270 1793 noiol-

162 1816 247 1874 lioris,
270 1825 418 1861 numerosae
435 1816 532 1870 speclea
551 1816 577 1860 ln
593 1815 675 1861 vastis
693 1815 802 1861 stulrlee
819 1815 979 1862 austraiiorls
995 1816 1114 1872 desertis,
1137 1817 1163 1860 in
1181 1815 1270 1862 leniter

163 1884 354 1940 assurgentibus
366 1883 484 1930 'l'atariae
493 1881 575 1940 tugis,
594 1882 728 1938 inalpinis
742 1884 822 1930 Asiae
836 1883 1005 1939 penetratione
1019 1888 1043 1929 et
1057 1884 1083 1930 ln
1097 1883 1171 1929 elatis
1185 1884 1270 1938 plani-

164 1949 257 2010 tiduus,
276 1961 341 2005 uuae
349 1953 376 1998 in
389 1953 484 1998 boreali
496 1951 615 1998 montium
622 1953 710 1997 Indiae
722 1954 858 2010 descensu,
877 1963 923 1997 ceu
936 1952 1035 1998 totidem
1047 1953 1141 2007 gradus
1154 1955 1270 2005 protenso

163 2020 228 2066 citus
241 2021 391 2078 succedam,
408 2025 560 2078 nascuntur,
578 2020 757 2075 quaestoribus
771 2025 869 2075 totaque
885 2020 950 2068 tecte
964 2020 1029 2066 inter
1040 2032 1069 2066 se
1079 2019 1235 2078 simillimae,
1254 2031 1269 2065 e

162 2087 278 2135 loliorum
287 2093 311 2134 et
320 2088 466 2144 peticionum
475 2089 555 2136 torma
562 2090 630 2134 iraud
638 2099 713 2144 seqre
722 2089 920 2149 distinguuntur,
939 2089 1014 2134 etiam
1023 2088 1117 2135 radicis
1129 2088 1269 2135 medicatae

162 2156 252 2202 mnute
271 2156 393 2204 diversae.
431 2159 494 2204 Nam
512 2157 539 2204 ln
555 2157 616 2202 allis
632 2157 790 2204 substantiae
806 2159 905 2215 variae,
933 2167 996 2211 quas
1013 2156 1077 2203 inter
1093 2156 1209 2206 maiades
1227 2157 1270 2202 sui

164 2227 276 2283 generis,
302 2225 428 2285 resinosa,
455 2235 555 2284 amara,
570 2225 783 2272 davo-colorans
800 2223 1054 2283 (Rdcdurbcriac),
1081 2235 1137 2272 cnm
1155 2225 1268 2284 taunina,

164 2293 358 2353 calceoxalica,
374 2297 495 2340 saccinam
505 2298 530 2338 et
538 2295 622 2348 amylo
631 2294 693 2341 itas
703 2300 795 2340 natura
806 2295 900 2340 mixtae
913 2299 984 2352 sunt,
1003 2299 1031 2340 ut
1044 2295 1121 2340 vitam
1135 2293 1270 2348 plasticam

164 2365 188 2406 et
200 2371 295 2418 organa
308 2361 367 2408 huie
379 2360 559 2418 prospicienda
571 2362 693 2417 peculiari
707 2361 807 2408 stimulo
821 2363 946 2423 eliciant,
964 2361 1053 2408 diffuso
1066 2373 1110 2416 per
1123 2362 1268 2407 universum
1350 2399 1356 2408 .

164 2433 275 2483 systema
282 2439 400 2476 vasorum
408 2431 469 2476 nisu
477 2435 569 2476 motum
576 2430 679 2476 uitatem
688 2429 833 2491 intendant,
851 2433 958 2478 calorem
972 2430 1106 2478 animalem
1119 2431 1269 2488 adaugeant,

163 2499 299 2544 uberiorem
309 2498 482 2546 intestinorum
494 2499 657 2544 secretionem
670 2499 792 2556 excitent,
811 2504 835 2544 et
849 2505 924 2545 auctu
939 2509 982 2553 pro
996 2498 1086 2544 medici
1099 2497 1201 2544 arbitrio
1215 2496 1270 2544 dost

163 2565 318 2612 alriluxum
331 2565 408 2613 simol
421 2567 565 2625 expeditne
584 2567 680 2612 domin
694 2567 754 2613 aliis
767 2567 924 2614 substantiae
937 2567 1120 2622 adstringentes
1133 2566 1160 2612 in
1174 2570 1269 2612 tantum

154 2637 322 2693 ‘praevaient,
340 2627 369 2680 u't
382 2635 413 2679 ad
426 2645 494 2680 mere
507 2635 649 2680 roborantia
660 2636 766 2681 debeant
780 2635 876 2681 referri.
910 2637 1011 2690 Duplex
1026 2634 1083 2680 inde
1096 2633 1161 2680 ltirei
1179 2633 1270 2681 distin-

164 2701 247 2758 guitur
259 2704 346 2760 radix,
365 2699 603 2760 lita-tartarum,
619 2703 685 2749 inter
697 2704 807 2750 remedia
819 2705 953 2760 purgantis
961 2703 1136 2750 calefacientia
1144 2701 1269 2750 maximae

164 2771 259 2829 laudis,
278 2776 302 2816 et
312 2766 538 2830 Rho-ponticum,
557 2769 660 2816 rurlorls
670 2771 734 2818 inter
743 2773 886 2819 rotorantia
894 2772 1076 2828 adstringentis
1085 2783 1156 2832 usus,

247 2835 473 2883 Rha-duriorum
486 2840 583 2886 incerta
594 2843 672 2885 matre
685 2841 811 2895 nascitur,
828 2841 956 2886 veteribus
970 2845 996 2885 ut
1008 2839 1107 2885 videtur
1119 2839 1268 2900 ignoratum,

167 2905 640 2954 lorenteArsirumcommerciosaeculo
649 2907 743 2953 decimo
752 2907 923 2954 verisimiliter
931 2908 1036 2963 primum
1045 2911 1074 2954 oio
1084 2909 1200 2954 virtutem
1209 2919 1270 2964 pur·

165 2979 263 3030 gentem
273 2986 289 3020 a
298 2976 367 3021 Sinis
381 2975 504 3035 adlatum,
522 2965 652 3022 hodiedum
666 2979 696 3022 alr
707 2976 853 3022 llanitsrum
867 2982 939 3035 gente
953 2979 1066 3036 petitum,
1087 2973 1193 3020 Rodr'cr'o
1204 2971 1276 3020 litei

164 3039 291 3088 eltnensis
314 3045 412 3091 nomirre
429 3045 456 3090 ln
473 3045 624 3091 medicorum
640 3044 747 3090 olicinls
764 3049 866 3100 prostat.
909 3045 1042 3100 l'riplicem
1059 3044 1123 3091 ltirei
1141 3043 1270 3091 chinensls

164 3121 267 3158 amcam
283 3115 492 3168 pharmacopolae
510 3106 663 3168 distinguere
679 3116 774 3172 solem,
793 3114 895 3160 diversa
906 3114 950 3160 via
964 3116 1074 3160 adlatam
1088 3118 1112 3158 ot
1125 3112 1271 3168 dignatione

165 3181 268 3226 variam.
304 3181 467 3228 mobilissima
486 3177 687 3240 (Tui-houng),
704 3185 760 3237 post
775 3181 889 3228 sancitas
906 3193 972 3229 anno
992 3183 1056 3227 titia
1075 3180 1140 3226 inter
1157 3181 1234 3228 Sinas
1246 3183 1271 3226 et

165 3247 264 3294 Russus
272 3247 379 3294 laederis
387 3251 470 3307 leges,
488 3259 578 3305 magno
587 3249 722 3304 quotannis
730 3249 993 3304 camelorum'aamtne
1003 3245 1160 3306 Kioclrtcm,
1173 3251 1271 3295 celebro

164 3317 299 3372 nporlum
312 3317 633 3372 coelestlslmperiltlnltour
641 3319 831 3375 conterminum,
850 3317 992 3378 advehitur,
1011 3317 1053 3363 uui
1063 3316 1271 3364 laudandasolll·

165 3383 453 3445 citsdlueapructectis,
467 3386 510 3440 qul
519 3386 666 3432 commercio
674 3390 807 3444 praesunt,
822 3384 978 3446 examinata,
992 3384 1270 3434 oomiustlsvillorihus

166 3451 252 3499 trustis
262 3456 359 3500 electae
367 3453 468 3500 radices
477 3453 626 3510 Petropolim
635 3457 660 3501 et
668 3453 822 3500 dioscoriam
833 3454 988 3513 deteruntur,
1007 3459 1061 3509 post
1069 3453 1185 3500 iteratam
1194 3456 1270 3507 piror-

166 3525 311 3568 mumius
318 3521 511 3582 inspectionem,
530 3519 767 3570 Rder'croccocr'tici
774 3523 832 3568 nard
842 3523 941 3570 nomine
953 3535 997 3577 per
1011 3523 1145 3568 universae
1154 3523 1270 3576 Europae
1335 3575 1340 3582 Ι

166 3587 278 3637 oticinus
287 3591 466 3637 discutiendae.
501 3590 578 3636 sinae
591 3592 685 3638 radicis
699 3589 805 3646 patriam
818 3601 883 3646 vage
896 3591 1020 3650 indicunt,
1039 3594 1141 3646 plantae
1153 3593 1269 3637 surculos

165 3659 205 3702 rel
218 3659 329 3719 semina,
346 3662 423 3705 molto
437 3670 499 3705 auro
508 3659 597 3719 petita,
615 3659 776 3714 pertinaciter
783 3664 883 3715 negant.
916 3659 1185 3720 Regionemalpinum,
1204 3659 1270 3705 inter

166 3719 277 3784 Si-ne'rrg
289 3732 315 3772 et
327 3730 409 3774 lacum
423 3723 619 3786 Kietis-nor,
636 3727 757 3774 vastitate
769 3727 861 3787 diram,
879 3731 904 3772 et
917 3728 1102 3774 imminentibus
1115 3727 1211 3774 nitrosis
1225 3735 1269 3774 ca·

165 3793 306 3841 cuminttrus
323 3794 448 3842 horridam
463 3797 560 3842 meum
572 3798 653 3855 alere,
671 3796 828 3850 radicemque
841 3807 858 3842 a
872 3797 1012 3842 monticolis
1026 3792 1125 3858 δι’-[απ
1139 3799 1269 3842 collectam

164 3863 342 3911 mercatoribus
361 3863 448 3922 vendi,
471 3863 582 3920 plerique
600 3864 770 3923 consentiunt,
789 3866 892 3910 eandem
906 3865 934 3911 ln
946 3865 1038 3912 uicinis
1050 3865 1195 3919 prouinciae
1208 3860 1269 3908 sre-

166 3925 279 3974 tcdoaan
288 3937 311 3976 et
323 3927 456 3976 Codes-ri
462 3931 600 3992 montibus,
613 3943 717 3978 necnon
726 3933 752 3978 ln
763 3933 966 3990 declivitateiugl
976 3929 1138 3991 Siue-edua,
1153 3933 1271 3979 occiden-

165 4003 212 4044 tem
233 4010 324 4046 vsrsus
346 4001 379 4047 ad
396 3995 601 4060 dreng-todeca
623 4005 648 4046 et
665 3997 834 4046 Soa-telorum
851 4002 974 4060 protensi,
998 4002 1124 4060 generari,
1138 4003 1268 4062 ,asserunt

163 4065 257 4114 verice
266 4068 447 4128 liheispsoles,
464 4069 588 4124 partimin
597 4068 722 4116 montibus
731 4066 828 4124 imperii
838 4070 940 4129 rossioi,
955 4070 1071 4116 sinerum
1080 4067 1201 4116 territorio
1210 4077 1270 4112 con·

165 4134 290 4195 terminia,
304 4142 429 4196 repertae,
443 4138 534 4192 partim
546 4149 560 4182 e
573 4137 713 4184 seminibus
726 4137 820 4186 astuta
834 4139 1009 4192 impostoribus
1022 4135 1130 4182 venditis
1140 4140 1239 4192 enatae,
1253 4144 1271 4182 a

164 4203 243 4250 variis
256 4205 402 4252 auctoribus
415 4205 539 4261 pretiosae
551 4205 644 4252 radicis
653 4211 744 4252 matres
753 4206 924 4266 ueriditantur,
942 4217 1000 4253 narn
1009 4205 1068 4250 aliis
1079 4199 1176 4246 Rlercm
1186 4199 1270 4248 uredo·

164 4265 246 4314 Ictum
255 4272 329 4319 Lirin.
339 4270 449 4327 [nucum
458 4275 646 4328 Rhabarbttrttm
654 4272 742 4329 lino.)
752 4275 812 4320 aliis
821 4271 919 4320 erersrrt
930 4275 1088 4331 cornprrcttmt
1093 4267 1166 4316 Lirin.
1176 4273 1270 4318 thcttm

164 4338 282 4387 chineuse
298 4351 387 4388 verum
406 4345 457 4399 est,
475 4342 575 4397 plorimi
588 4342 615 4388 in
628 4337 727 4387 ltdeurs
737 4340 883 4400 patrantem
895 4343 969 4389 Linn.
983 4339 1135 4395 conspirant.
1169 4339 1270 4396 species

163 4405 227 4454 istas
247 4408 275 4456 lu
298 4409 377 4456 nortis
399 4409 523 4458 uctauicis
541 4415 563 4456 et
581 4414 831 4470 pharmacopolsmm
849 4411 918 4468 auris
936 4411 1031 4469 cultas,
1059 4405 1165 4454 radicem
1184 4403 1272 4462 (litei
