2988 5040
668 313 731 376 161

144 528 272 576 terminum
280 525 393 572 straiem
401 521 555 570 ascendant
563 533 588 570 r.
598 525 630 570 nd
639 523 735 580 potaris
742 521 830 570 circuli
839 521 944 580 glaciem
954 529 1095 571 excurrant.
1111 525 1252 570 namneum

145 609 233 644 rsrsrs
250 599 412 649 mentorem
429 597 454 638 at
470 596 588 639 excelsas
604 598 690 648 petunt
707 593 836 640 stationes.
870 595 899 638 in
916 594 991 638 etatis
1003 593 1082 639 Asiae
1092 593 1162 648 Jugts
1175 593 1250 638 ctiam

145 673 213 712 nans
222 668 383 718 seruatorem
392 673 441 709 uon
451 673 530 716 parva
539 664 677 716 Quarcoum
686 667 709 707 et
720 663 897 708 castanearum
906 662 977 716 copta
986 661 1072 718 obuia,
1082 662 1108 706 in
1118 662 1252 707 Amendae

145 735 253 789 tropicae
261 732 462 778 montibuaiuter
471 741 586 776 cancrum
596 735 620 776 et
629 735 786 785 necatorem
799 741 848 776 non
861 729 1029 784 infrequentes
1043 733 1180 785 Quercuum
1193 742 1252 784 spe·

146 805 210 860 cies,
229 803 294 847 inter
309 803 403 846 lineam
417 804 442 845 et
454 799 626 854 capricornum
640 801 768 845 admodum
786 809 865 845 rarae.
899 797 1001 860 Africa,
1020 799 1042 843 si
1059 799 1183 853 regionem
1199 809 1251 844 me-

144 872 309 917 diterraneam
322 870 513 926 occidentatem,
536 870 646 924 Quercus
664 869 784 922 quasdam
802 869 977 926 proterentem,
1000 868 1132 925 demseris,
1154 869 1250 912 nuttam

147 938 347 994 cuputtlersrum
359 938 462 991 stirpem
475 939 581 982 bucdum
593 936 685 993 largita
698 943 744 983 est.
783 939 864 983 ursus
878 937 1048 990 capricornum
1058 937 1121 992 llagt
1129 936 1251 994 habitant,

146 1008 292 1054 iuAudium
305 1007 481 1052 anianensium
490 1006 561 1052 Ciuile
574 1006 695 1050 australis
705 1008 766 1060 jugo
780 1006 855 1050 etiam
868 1005 1015 1059 proceritate
1029 1007 1144 1063 decorae,
1163 1001 1251 1062 Fogsa

147 1073 250 1136 allique
263 1075 336 1120 ultrb.
351 1078 376 1120 et
387 1070 473 1132 Fugare
482 1069 607 1130 manceps
615 1074 687 1118 lttirb.
700 1071 830 1130 (congus)
842 1073 910 1128 ligno
924 1073 1058 1118 utilissimo
1072 1077 1096 1118 et
1105 1073 1252 1120 comairon-

147 1147 207 1189 dosa
216 1143 321 1202 nobiles,
336 1147 360 1188 et
370 1139 577 1200 chuaproceru
587 1142 689 1198 l’dpplg.
700 1140 804 1197 (nauli)
814 1143 952 1196 sylvestres
961 1145 1062 1187 arbores
1071 1147 1169 1196 praeter
1176 1151 1251 1187 uuam

145 1212 314 1259 Araucariam
326 1212 459 1259 altitudine
471 1212 602 1256 excedens.
638 1206 839 1268 Fugurprmu'lr'o
848 1211 925 1265 Popp.
935 1208 1052 1265 (Niniue)
1062 1211 1184 1265 regionem
1195 1221 1252 1264 pro·

145 1281 226 1336 priam
239 1270 317 1334 super
328 1279 493 1336 vegetationis
506 1282 625 1326 arboreae
638 1278 766 1324 temninum
780 1275 806 1323 tn
819 1279 923 1324 summis
932 1279 1007 1333 bolus
1016 1281 1107 1334 piagse
1115 1277 1254 1324 cacumini-

146 1349 338 1396 buseonstitntt.
372 1347 783 1407 nusetnregtenemcgettnntcs,
801 1345 1253 1394 intusutaliiemenetiuttorazee·
1291 1383 1292 1388 ,

146 1417 235 1464 laudis
244 1417 371 1472 trigidicre
381 1419 530 1462 observatae
538 1415 647 1462 luerunt.

234 1510 454 1577 &ualitates
468 1523 493 1565 et
505 1525 609 1569 usna.
647 1519 669 1566 Ε
681 1517 843 1579 substantiis,
861 1529 925 1576 qaae
937 1517 964 1566 tn
977 1517 1095 1568 amnibus
1110 1520 1254 1574 plantarum

146 1588 275 1634 ordinibus
293 1588 384 1634 minori
401 1588 539 1642 frequentia
556 1589 868 1644 observantur,t1uaedam
885 1589 912 1634 tu
929 1587 1042 1634 omuibus
1055 1587 1254 1642 constiteram

146 1657 263 1711 stirpium
276 1657 390 1711 partibus
402 1657 499 1711 largius
512 1657 675 1710 reperiuntur.
709 1659 750 1702 Ex
763 1657 803 1702 tris
816 1657 937 1711 imprimis
949 1657 1100 1702 nominanda
1111 1661 1168 1704 sunt
1178 1656 1255 1702 acida

144 1727 207 1784 in,
225 1726 333 1772 Aridum
351 1724 562 1778 puercttauuicnm
579 1730 603 1770 et
620 1725 727 1772 Actdom
742 1725 874 1784 gallicum,
895 1737 910 1770 e
928 1735 1030 1778 quorum
1046 1723 1150 1784 uirtute,
1168 1724 1255 1770 iuram

146 1794 282 1840 animalem
295 1793 350 1840 sive
362 1793 448 1838 uiuam
460 1787 648 1854 sivejmortoam
662 1794 844 1852 adstringente,
861 1793 973 1838 medicus
982 1797 1006 1837 et
1015 1793 1143 1838 teclmicus
1153 1792 1255 1838 corticis

145 1862 349 1917 crpuuterarnm
365 1873 428 1908 usus
445 1863 542 1917 pendet.
576 1863 685 1908 Aridum
697 1861 813 1920 volatile,
831 1861 895 1915 cuod
907 1852 1052 1907 Subericum
1069 1862 1209 1919 nominant,
1226 1860 1255 1906 iu

145 1931 311 1986 plurimarum
333 1933 448 1976 arborum
469 1929 561 1976 cortice
583 1931 686 1976 minima
702 1931 774 1985 copia
791 1931 895 1988 residet,
924 1931 1098 1984 eouercnbus
1116 1929 1254 1988 annuntiis,

146 2001 291 2046 suberosum
310 1998 426 2044 corticem
439 1997 633 2058 proterentibus,
652 2010 708 2043 cum
726 1999 867 2054 unguinosa
884 1998 1026 2044 substantia
1043 1999 1133 2043 dubiae
1149 2003 1255 2045 naturae

146 2067 295 2125 (cernua),
322 2068 428 2112 ubertim
445 2067 575 2113 obtinetur.
618 2067 766 2113 substantia
787 2068 927 2112 extructius
943 2076 1029 2112 amara
1046 2063 1207 2123 [puerulus]
1226 2067 1255 2111 tn

146 2136 274 2191 pierium
291 2137 435 2190 ossrcubns
449 2139 566 2194 babetur,
590 2133 707 2190 Querens
725 2134 865 2180 tractoriae
878 2135 967 2181 wtttd.
981 2135 1255 2181 boreali-amerlcansa

148 2209 233 2250 sonex
243 2204 347 2250 interior
358 2204 484 2253 materiem
496 2205 733 2253 davo-colorantem
745 2203 860 2259 propriae
870 2203 963 2250 indolis
976 2201 1185 2261 (coerciturum)
1194 2213 1256 2250 cou-

148 2273 216 2318 tinet.
252 2273 399 2326 Pericarpla
409 2267 538 2332 Fugerunt
547 2273 688 2319 substantia
697 2273 835 2318 extractiva
843 2271 969 2318 mareotica
977 2269 1103 2339 (lagine)
1113 2271 1179 2320 loeta
1187 2275 1255 2320 suut.

147 2341 314 2394 cotyledones
327 2343 411 2394 amylo
424 2344 525 2399 plenae,
543 2341 586 2386 nbi
598 2341 678 2387 minor
690 2343 797 2396 partium
806 2340 1012 2398 adstringendum
1021 2341 1073 2400 vis,
1092 2342 1179 2386 edules
1187 2345 1255 2387 sunt.

146 2411 169 2456 ii
177 2405 309 2468 angono·
319 2413 344 2454 et
354 2405 587 2466 ccryltsemtutocs
595 2413 676 2455 oleum
685 2410 756 2467 mite,
765 2411 831 2455 baud
841 2409 989 2455 siccativum
998 2409 1128 2454 obtinetur.
1146 2409 1167 2454 Ε
1177 2410 1256 2464 Quer-

147 2489 221 2522 cnan
229 2479 364 2532 speciebus
373 2477 525 2523 nostratibus
535 2474 781 2531 (Q.Roborewiltd.
790 2477 941 2534 Steineiclte;
950 2479 976 2532 Q.
983 2473 1160 2534 pedonenlcrc
1165 2477 1256 2522 wtttd.
1266 2489 1271 2498 ·

147 2547 293 2604 stieielcbe;
312 2543 343 2600 Q.
351 2533 503 2602 pederceite
512 2547 601 2592 wtttd.
614 2547 753 2602 tungriscne
761 2547 839 2592 liicbe
848 2552 872 2591 et
882 2545 913 2601 Q.
925 2545 1001 2590 Gerra·
1008 2547 1097 2592 Wittd.
1107 2543 1256 2598 zrrreicbe)

148 2621 232 2658 cortex
250 2625 373 2660 ramorum
391 2626 449 2659 vere
467 2614 603 2669 promiscue
620 2615 757 2676 colligitur,
784 2614 810 2660 iu
828 2615 934 2668 olticinis
951 2617 1099 2662 serrandus·
1140 2611 1258 2669 Quercus

150 2679 254 2726 &bertr
267 2685 296 2727 L.
312 2679 513 2742 (strenuoque),
531 2683 596 2738 apud
615 2683 741 2738 ilispanos
755 2673 820 2728 etin
837 2683 922 2729 tricina
933 2683 1039 2730 Africae
1051 2695 1095 2729 ora
1108 2683 1254 2742 crescentia,

147 2755 233 2796 cortex
241 2751 473 2796 exteriornrcrbosa
482 2751 671 2807 degeneratione
680 2751 706 2796 in
716 2753 881 2797 substantiam
890 2751 1032 2811 elasticam,
1043 2761 1166 2808 porosum,
1177 2751 1256 2798 leuis-

149 2821 239 2866 simum
252 2817 360 2878 (suber,
374 2819 515 2874 llorlrttcta)
528 2823 720 2866 mutatuscaute
729 2819 865 2879 colligitur,
879 2820 984 2874 plurimo
996 2819 1140 2868 commercio
1150 2820 1256 2866 circum·

147 2889 286 2934 renaudus.
307 2884 451 2942 Quereuuor
459 2885 567 2945 glandes
577 2887 602 2934 in
612 2899 703 2944 magna
711 2889 789 2943 amyli
799 2889 871 2943 copia
880 2893 961 2936 oleum
969 2889 1074 2950 pingue,
1088 2889 1256 2936 substantiam

149 2949 269 3001 amaram'
279 2961 303 3000 et
316 2956 510 3013 adstringentem
523 2960 619 3012 gerunt.
653 2959 743 3004 Tostae
757 2961 781 3002 et
794 2968 860 3011 anua
872 2956 970 3004 fervida
981 2957 1082 3005 inlusae
1097 2962 1127 3004 ob
1140 2958 1257 3016 virtutem
1324 2991 1326 2997 t

149 3024 248 3079 egregie
266 3027 421 3070 roborantem
434 3029 458 3069 et
472 3025 618 3070 nutrientem
633 3028 739 3070 tenellae
752 3025 869 3071 sanitatis
882 3025 1013 3070 infantulis
1028 3025 1153 3082 propinari
1167 3029 1256 3070 solent.

150 3093 260 3138 dtandes
278 3092 307 3137 in
323 3091 426 3147 publica
443 3091 585 3138 calamitate
602 3093 662 3147 pani
680 3093 818 3152 admixtas,
837 3095 863 3138 in
880 3093 1010 3149 ilungaria
1027 3099 1051 3139 et
1068 3095 1127 3141 aliis
1139 3095 1257 3146 Europae

150 3160 310 3206 adsumseris
326 3161 469 3217 regionibns
482 3161 606 3207 muimae
618 3161 646 3206 in
658 3162 807 3217 saginandis
820 3163 905 3208 scrotts
918 3161 1036 3207 utilitatis
1049 3167 1154 3208 constat.
1194 3163 1259 3206 Sunt

150 3230 218 3274 stiae
231 3230 370 3286 onerosum
387 3230 498 3288 species,
515 3233 599 3283 prout:
620 3226 651 3284 Q.
666 3225 790 3274 Aesculus
803 3232 844 3287 ln,
864 3228 895 3284 Q.
911 3223 1028 3287 aegilopa
1040 3231 1082 3289 ln,
1103 3228 1134 3285 Q.
1146 3226 1206 3273 Ilsa·
1217 3231 1257 3287 ln,

153 3293 183 3350 Q.
195 3293 303 3340 Ballota
312 3297 379 3343 liesl.
389 3297 414 3342 in
425 3298 524 3352 regione
533 3298 712 3344 mediterranea
722 3302 867 3354 nascentes,
877 3307 980 3351 duarum
988 3299 1093 3354 glandes
1102 3298 1259 3354 substantiae

152 3375 253 3410 amarae
262 3367 285 3410 et
295 3368 401 3411 acerbae
410 3365 461 3410 lere
470 3369 593 3423 expertes,
612 3365 638 3410 in
648 3377 772 3411 annonam
781 3371 963 3412 conuertuntur.
991 3361 1068 3410 Folia
1081 3373 1106 3413 et
1119 3365 1226 3422 copulae
1236 3377 1257 3411 s.

152 3430 268 3490 ealyeub'
277 3435 429 3492 Quercuum,
447 3433 505 3478 oliur
514 3437 544 3480 ob
553 3435 604 3479 vim
613 3435 807 3490 adstringentern
817 3434 843 3478 lu
857 3433 964 3480 cilicinis
975 3433 1073 3494 habita,
1091 3435 1183 3481 exoleti
1197 3445 1259 3480 usus

153 3506 218 3548 mut.
252 3502 366 3555 copulae
376 3499 492 3558 Quercus
501 3498 621 3560 Aegilops
628 3504 656 3548 b.
671 3502 761 3558 (rotgo
772 3502 908 3558 vetanide)
918 3502 1089 3549 abactoribus
1099 3507 1259 3557 usurpantur.

154 3566 248 3614 Gallae
256 3567 413 3626 (omiserat)
422 3571 546 3626 crnipum
555 3581 638 3617 morsu
647 3571 673 3616 iu
683 3571 782 3625 petiolis
791 3570 1085 3631 caeterorummetum
1102 3569 1259 3619 acerbissimi

154 3639 264 3697 saporis,
283 3637 354 3683 addo
368 3638 460 3694 gattico
474 3643 497 3684 et
508 3639 651 3685 substantia
661 3641 762 3685 taucica
771 3639 858 3684 loetae.
892 3639 1168 3700 atcrtmmonttcrun,
1186 3643 1260 3696 prout

153 3705 298 3752 commercio
311 3705 530 3766 circumferuntur,
548 3707 659 3766 species,
677 3718 783 3763 magnus
801 3707 827 3752 in
845 3708 952 3753 diversis
970 3707 1081 3754 artificiis
1096 3721 1170 3767 usus,
1189 3715 1260 3755 atra·

152 3779 246 3830 ments,
263 3785 311 3828 qno
320 3775 465 3834 senuimus,
480 3779 507 3820 ut
516 3777 590 3820 robur
598 3776 702 3832 addant,
713 3777 765 3829 lam
776 3776 869 3821 amine
878 3776 953 3821 antris
961 3773 1112 3822 miscentur.'
1123 3777 1150 3823 tn
1159 3777 1261 3832 copulis

152 3843 292 3896 mererium
313 3845 346 3888 ab
363 3841 467 3889 insectis
484 3843 622 3889 vulneratis
640 3845 729 3890 oniae
750 3844 906 3898 reperiuntur
925 3844 1028 3892 secundi
1046 3843 1143 3899 generis
1165 3843 1259 3900 [vulgo

153 3909 316 3969 aucupem),
338 3909 365 3955 iu
383 3910 473 3964 cuibus
490 3911 633 3957 substantia
650 3911 766 3969 tanntna,
785 3921 801 3958 a
818 3913 966 3958 cerdonibus
982 3913 1104 3974 expetita,
1123 3915 1261 3971 praevalet.

152 3979 180 4022 ln
187 3975 290 4032 Qasr-ea
300 3977 441 4039 eocmfsrc,
451 3981 670 4034 dumosoliuropse
679 3979 797 4026 nostratis
805 3980 903 4039 trutice,
915 3979 1010 4026 Coenus
1019 3979 1093 4024 llr'cia
1101 3983 1173 4028 visit.
1191 3983 1211 4026 lt
1222 3979 1262 4024 to-

152 4045 195 4092 liis
206 4043 325 4101 Querens
335 4045 491 4108 r'afectcn'as
501 4047 565 4095 otte.
579 4051 602 4094 et
611 4047 717 4094 aliarum
727 4049 864 4102 specierum
874 4051 997 4104 Europam
1006 4050 1261 4096 castro-orientalem
1290 4055 1292 4060 ’

151 4113 345 4161 inhabitantium
354 4109 457 4162 Manno
471 4115 595 4174 paneis«
608 4115 740 4172 colligitur.
774 4117 849 4172 Apud
858 4117 1133 4164 Remuli-amerinauos
1144 4113 1261 4172 quercu

152 4179 214 4226 alba
223 4185 251 4228 L.
266 4188 291 4229 et
302 4180 418 4238 Quercus
427 4183 508 4228 rubra
517 4188 546 4230 lt.
558 4184 707 4230 nostratium
719 4184 856 4238 specierum
869 4188 923 4231 loco
936 4186 962 4232 in
971 4179 1122 4232 medicorum
1130 4183 1190 4230 etin
1198 4185 1261 4230 arti·

151 4250 223 4297 icum
232 4251 342 4298 cilicinis
351 4255 481 4298 babentur.
500 4250 615 4308 Quercus
626 4251 751 4296 ta'netorr'o
760 4253 858 4312 Wittd.,
871 4253 936 4299 iuter
944 4251 1123 4309 pulcherrimas
1131 4255 1261 4306 sylvarum

152 4320 400 4367 uansstianticarum
414 4325 515 4368 arborea
528 4321 675 4376 proceritate
688 4321 812 4380 eminens,
824 4313 945 4370 ‘corticem
958 4323 1059 4378 praebet
1067 4320 1260 4380 amarissimum,

152 4389 296 4435 substantia
305 4391 431 4436 coloraute
440 4389 506 4437 lava
515 4389 699 4447 [Quercttriua]
709 4389 808 4437 loetum.
