2982 5042
662 345 732 410 aba

592 438 803 454 -ι-ι-ιῌ

139 561 255 608 morbum
264 559 386 606 mamm
393 567 412 606 a
419 557 568 612 quibasdam
576 557 795 606 vehementissime
803 559 969 606 commendari
978 563 1083 608 constet.
1095 563 1129 618 ¹in
1139 559 1250 610 Aristar·-

140 630 182 674 m’e
195 625 368 674 Memmio
385 625 644 681 binmsslraeunculo
660 627 865 684 berlenmonte,
882 629 998 686 brugun,
1016 630 1155 688 misacon)
1168 637 1250 681 oleam

139 701 284 744 uiderem
297 702 322 742 et
335 696 421 742 resina
431 695 499 742 acria
513 699 669 753 praevalent,
687 706 772 742 amaro
787 696 838 742 iere
846 697 912 742 omni
921 699 952 742 ad
962 699 1026 744 imas
1036 700 1133 746 mulces
1142 703 1251 750 detruso.

140 767 226 812 llerbe
235 765 428 812 manumetis
436 768 522 817 sponte
531 765 657 822 nascitur,
672 764 697 810 ln
707 765 785 810 bortis
794 765 922 822 frequens,
936 767 1060 812 notissimi
1069 768 1096 813 in
1105 770 1250 816 medicando

69 825 78 832 ’
139 839 211 882 aceio
220 846 293 880 usus.
327 829 1004 890 ProximaaromatlspraestantisArtemisiojudoicn
1013 834 1250 890 Lion.(iiertartmn

139 915 160 948 s.
171 901 451 958 duobusramis),
469 899 714 956 plantoinAegypto
724 902 945 958 etArabiamagni
955 903 1071 949 nominis.
1105 902 1251 952 Artemisio
1311 949 1314 956 .

141 970 281 1018 metoliton
294 972 356 1018 Viii·
369 970 587 1024 iserbsrsonlppl
600 983 621 1016 s.
631 971 742 1024 oeneppi
751 971 818 1026 albi)
833 971 858 1016 in
869 971 969 1024 alpibus
979 973 1108 1031 frequens,
1128 976 1250 1029 qualitate

139 1041 205 1087 inter
216 1041 383 1088 Absintbinm
396 1045 419 1084 et
427 1040 613 1086 dracunculum
626 1039 780 1084 reremedio.
815 1041 855 1084 iix
863 1042 911 1084 bae
920 1044 944 1085 et
953 1051 984 1086 err
994 1036 1136 1086 Artemisia
1144 1043 1249 1100 optenta

138 1110 209 1163 taen.
223 1108 331 1163 (Genipi
345 1105 415 1162 noir]
428 1109 548 1153 Helvetia
561 1107 680 1161 liquorem
688 1108 955 1154 amaro-aromaticum
966 1106 1079 1162 [munit
1088 1111 1249 1169 o'abslrrtbe)

138 1183 236 1233 parant,
282 1173 439 1220 Artemisiae
456 1175 584 1234 oratione,
612 1175 831 1230 aJacduenroutio
848 1181 917 1222 trans
935 1178 1074 1232 llppnaslm
1091 1184 1247 1240 observatae,

138 1247 199 1298 odor
215 1246 386 1300 aromaticus,
406 1244 472 1292 acidi
489 1243 579 1290 acetici
597 1245 749 1290 concentrsli
767 1245 835 1290 odori
851 1243 1003 1290 simillimus.
1047 1242 1248 1296 Arteorieiarnrn

138 1315 265 1372 capitula,
285 1325 349 1368 uuae
363 1309 470 1358 &minis
485 1311 577 1371 Cinna,
596 1307 705 1356 &minis
719 1309 855 1358 Santonici
871 1319 895 1358 et
912 1310 1020 1358 Serninr'a
1038 1320 1132 1361 corma
1149 1329 1247 1364 rerrnea

138 1384 239 1428 nomine
252 1382 471 1441 circumferuntur,
490 1382 580 1436 partim
593 1393 625 1428 ex
633 1381 711 1428 Asiae
720 1373 888 1435 penetralibus
898 1384 995 1442 adlata,
1013 1384 1104 1438 partim
1114 1386 1247 1434 inAsiaet

138 1451 230 1497 Africa
242 1451 348 1498 littorali
361 1463 375 1497 e
389 1451 495 1497 diversis
509 1451 602 1504 plantis
616 1453 733 1506 collecta,
751 1453 858 1498 nondum
872 1455 923 1498 tute
932 1453 964 1496 ad
973 1463 1035 1498 suas
1044 1455 1142 1510 species
1151 1467 1167 1500 a
1177 1459 1247 1502 bota-

138 1520 204 1566 oleis
219 1523 308 1566 relata
343 1521 403 1565 oleo
417 1523 530 1566 aethereo
544 1519 610 1576 acri,
629 1519 772 1566 substantia
786 1520 934 1574 crystallina
948 1521 1063 1578 inodora,
1083 1523 1210 1570 difficilius
1219 1524 1247 1572 in

138 1583 205 1642 aqua
218 1590 352 1646 solvenda,
372 1588 541 1634 amariuseuia
555 1585 735 1644 (santonina),
755 1589 838 1634 resina
851 1594 875 1634 et
888 1589 986 1634 salibus
1002 1590 1068 1636 ioeta
1080 1591 1165 1638 tiorum
1175 1595 1246 1648 eapi-

138 1659 204 1714 tula,
223 1660 255 1702 ob
272 1657 324 1701 tim
343 1657 492 1702 excitantem
507 1661 530 1702 et
544 1660 709 1715 roborantem,
728 1662 750 1701 et
765 1657 879 1704 virtutem
896 1658 1031 1704 ascarides
1044 1660 1069 1708 in
1085 1671 1186 1715 corpore
1199 1665 1247 1708 bu·

138 1735 211 1770 mano
224 1725 382 1778 hospitantes
396 1731 539 1771 enecantem
552 1730 576 1770 et
590 1735 673 1770 eornm
688 1725 867 1780 regenerationi
886 1725 1024 1784 inimicam,
1043 1727 1165 1782 imprimis
1183 1730 1247 1777 inter

137 1793 247 1840 remedia
256 1793 461 1840 antbelmintbica
470 1797 600 1848 praeclara
609 1793 676 1839 lama
685 1793 809 1840 truamur.
827 1787 968 1838 Arteniar'n
974 1791 1072 1839 Sieberi
1079 1798 1149 1843 Bess.
1159 1801 1247 1854 planta

137 1861 336 1915 palaestinensis
352 1867 375 1906 el
386 1859 526 1906 Artemisia
537 1860 636 1906 Contra
645 1863 718 1908 ani.
728 1863 754 1908 in
763 1861 867 1908 Perside
877 1871 996 1922 nascens,
1015 1875 1061 1908 nec
1070 1875 1119 1910 nen
1127 1858 1246 1910 ‹ir-tenti-

137 1931 179 1972 ain
184 1925 338 1988 porrerssoro
348 1933 451 1976 siecum.
462 1935 485 1976 et
495 1926 643 1976 Artemisia
653 1927 805 1976 Lerodenna
814 1933 921 1977 slecbm:
930 1931 956 1976 in
966 1932 1030 1976 Asia
1044 1933 1140 1979 rossica
1148 1934 1246 1991 indige-

138 2009 199 2057 nae,
214 1999 280 2043 inter
288 1999 395 2044 Seminis
404 1999 481 2046 dinae
490 2005 580 2045 matres
590 1999 757 2046 nominantur.
783 2000 865 2045 Etiam
876 1993 1039 2042 Artemisiae
1048 1999 1245 2049 romuleacenm

137 2063 642 2124 lion.[Anemlsiaeseolseiensium),
654 2071 755 2121 plantae
765 2068 896 2123 insuropa
904 2069 1085 2115 mediterranea
1093 2070 1190 2130 obviae,
1201 2081 1245 2118 ca·

137 2135 218 2189 pilula
234 2131 336 2184 (seneen
345 2129 480 2180 Absintlaii
488 2133 610 2196 serrato,
626 2135 713 2180 semen
724 2140 817 2181 contro
827 2133 975 2190 lnrnbricor,
990 2133 1078 2182 Sennea
1087 2135 1244 2203 Barbanna,

136 2199 209 2247 More
228 2204 365 2259 errrrriam)
380 2206 495 2252 remediis
510 2205 721 2252 anthelmintbicis
735 2209 905 2252 accensentur.
947 2199 1109 2252 Arternr'ar'ne
1123 2206 1231 2267 cornpio

137 2272 319 2318 raineb'iil.in
329 2275 429 2329 Europa
438 2275 585 2320 australiore
594 2273 741 2320 monticolae
750 2275 812 2320 lolia
821 2274 997 2328 antiquissima
1004 2277 1143 2324 medicinae
1152 2279 1230 2325 renni

138 2339 211 2396 togae
225 2343 300 2386 laude
314 2343 428 2398 gaudent.
463 2335 612 2386 Artemisia
623 2340 723 2400 gallico
736 2343 825 2388 Willd.
839 2343 866 2388 in
879 2343 1005 2390 medicine
1017 2346 1132 2399 populari
1145 2347 1244 2392 (talliae

137 2409 259 2454 australis
274 2415 320 2455 sub
335 2410 476 2456 nominibus
486 2404 635 2469 Sanguenie
645 2415 668 2455 ei
679 2407 838 2469 Songnrnr'to
850 2415 880 2456 ob
891 2413 1005 2456 virtulem
1014 2414 1244 2463 anthelmInlilicaat

137 2477 257 2523 admissa
296 2479 337 2523 Ex
353 2479 503 2524 Artemisiae
522 2477 680 2524 scatescentis
699 2479 744 2533 [A.
763 2484 854 2525 Mosae
871 2478 938 2533 Dc.)
956 2483 1029 2524 enula
1047 2481 1124 2528 sinae
1141 2485 1244 2530 Moram

137 2549 235 2600 want.
274 2541 403 2590 Tenereti
419 2557 498 2602 genus
510 2546 662 2593 Artemisiae
680 2547 829 2604 proximum,
849 2547 924 2592 etiam
937 2548 1057 2600 qualitate
1070 2550 1243 2604 propinquum.

140 2609 271 2657 Tnnneeti
287 2613 403 2673 vulgaris
419 2615 493 2664 bion.
512 2614 679 2678 (nsiniarrol
697 2615 761 2660 inter
778 2617 878 2669 plantas
891 2615 1048 2662 stimulantes
1061 2621 1085 2662 et
1099 2621 1244 2666 roborantes

137 2683 189 2728 cieo
198 2684 313 2729 aethereo
322 2683 387 2743 acri,
406 2687 430 2729 et
439 2684 587 2730 substantiis
597 2683 690 2729 amaris
701 2690 725 2729 et
735 2683 854 2749 resinosis
863 2695 954 2739 graves
963 2694 1012 2729 non
1021 2685 1105 2732 inimo
1112 2689 1170 2734 iaus
1179 2693 1225 2734 eal.

222 2765 250 2813 in
263 2761 442 2812 Aelrr'llenrmn
456 2771 533 2815 herba
547 2771 601 2814 oleo
614 2771 729 2814 aethereo
742 2773 766 2814 et
779 2779 863 2814 amaro
877 2769 988 2814 resinosa
1002 2771 1180 2828 adstringentis
1194 2771 1243 2819 ali-

136 2835 192 2886 cuid
207 2838 313 2884 accedit.
347 2839 443 2883 Herbae
457 2842 479 2882 et
494 2837 577 2882 dorum
591 2837 717 2882 billieioiii
734 2838 853 2883 nostratis
871 2835 1053 2894 (sebntgoroel
1071 2851 1104 2886 ex
1120 2835 1243 2886 Aelriiieo

137 2901 274 2966 Miliefoiio
283 2907 369 2964 Limo,
383 2901 504 2950 Arnrltea
513 2909 618 2949 creoceo
628 2905 737 2951 ib’aidst.
748 2911 770 2951 et
779 2907 841 2963 liii,
851 2899 974 2950 Achilleo
982 2903 1075 2952 nobilia
1084 2909 1156 2956 Linn.
1168 2911 1241 2957 aliis-

137 2983 183 3024 oue
196 2974 322 3019 similibus
336 2973 466 3028 speciebus
482 2977 614 3031 collectae,
631 2974 712 3019 uirtus
726 2975 815 3019 leniter
828 2975 961 3020 stimulans
975 2982 998 3021 et
1007 2977 1102 3022 medice
1111 2982 1239 3026 roborans.

137 3035 260 3085 Aenona
273 3036 422 3100 Agerntum
431 3043 504 3087 Llon.
519 3041 670 3098 (Agerstum
685 3053 709 3087 v.
720 3041 882 3096 Eupatorium
891 3045 992 3088 Messes
1007 3044 1241 3102 discalciantem

136 3110 291 3156 meridionali
301 3109 418 3166 indigena
426 3111 596 3157 venementius
605 3110 725 3157 stimulat.
747 3111 831 3158 Herba
840 3109 935 3167 (doliis
945 3114 1019 3169 vulgo
1029 3113 1109 3159 Herbe
1118 3123 1152 3161 au
1160 3115 1239 3162 cbar-

136 3175 245 3234 pentler)
256 3180 407 3226 vrrlneraria.

223 3251 506 3303 Ptnrnrierrericlrilleis
515 3257 643 3320 prasimae
656 3257 846 3304 aromaticarum
855 3255 944 3302 seriem
954 3257 1123 3304 exordiuntur.
1157 3255 1239 3304 Pter-

137 3321 217 3366 rnicoe
231 3335 318 3368 nonne
330 3325 380 3370 Dc.
400 3322 512 3378 [Herbita
530 3326 620 3380 aenipl
637 3325 745 3384 spurii),
765 3321 915 3368 Piartm‘eass
932 3329 1041 3370 alrami
1058 3328 1109 3374 DC·
1127 3325 1240 3382 (ΗΘΜ

137 3391 224 3446 (ienipi
234 3391 314 3448 nigri)
328 3399 352 3438 et
364 3389 510 3438 Ptnrnn'coe
520 3391 670 3438 moaclrotne
678 3395 729 3439 Dc.
745 3392 857 3448 (lierbae
867 3394 956 3448 tlenlpl
964 3395 1017 3440 veri
1025 3407 1046 3440 s.
1055 3397 1115 3441 luae
1124 3401 1239 3444 mesuba-

136 3459 190 3515 tae)
207 3463 348 3516 plantarum
367 3463 511 3517 alpestriunr
528 3463 683 3508 summitates
703 3462 854 3508 aromaticae
867 3461 932 3508 inter
945 3465 1016 3509 lbese
1029 3465 1168 3510 beirelicae
1181 3477 1239 3520 spe-

136 3527 193 3574 eies.
212 3529 234 3573 E
243 3525 381 3572 Platonico
394 3527 530 3574 mocchota
542 3523 660 3586 liquorem
670 3531 830 3578 aromaticam
840 3529 939 3586 (Esprit
948 3531 1031 3587 d'lta)
1040 3539 1137 3587 parant.
1154 3531 1237 3579 Plar-

136 3594 214 3640 reicae
225 3595 341 3657 vulgaris
349 3599 400 3644 DC.
410 3600 481 3646 radix
491 3601 725 3658 aromatico-acris,
742 3603 820 3645 berba
828 3601 1011 3646 sternutatoria.

217 3675 278 3720 (lieo
287 3677 414 3732 aethereo,
433 3675 459 3720 in
469 3676 615 3732 quibusdam
626 3678 691 3735 scri,
709 3677 735 3722 in
745 3675 805 3723 aliis
815 3677 971 3733 amaricanti,
985 3675 1108 3734 imprimis
1115 3679 1141 3724 in
1151 3681 1236 3728 dorum

136 3741 252 3795 capitulis
266 3746 382 3801 collecto,
401 3743 521 3798 plurimae
530 3744 645 3791 uirtutem
654 3747 749 3791 debent.
783 3737 920 3790 Anticaria
930 3743 1102 3794 nobilislrinn.
1118 3749 1238 3804 (Chamo-

134 3809 202 3855 miila
220 3821 324 3857 romaum
342 3824 362 3856 s.
378 3811 577 3860 chamaemelam
590 3813 674 3860 nobile
686 3813 783 3870 otio),
802 3809 964 3856 Matricorr'a
978 3811 1149 3860 olamomilla
1162 3819 1236 3867 bion.

135 3874 311 3930 (ibamomilla
319 3879 523 3936 vulgarisOiic.)
530 3887 554 3926 et
563 3877 720 3940 Pyretltrnm
731 3877 899 3925 Partheniana
909 3883 994 3928 Smitb.
1005 3882 1142 3943 (sinitram,
1153 3887 1236 3932 ilerba

135 3947 293 3992 bialricarias
304 3959 324 3993 s.
335 3949 477 4006 Parthenii]
487 3959 518 3994 ex
527 3950 631 3996 istarum
639 3959 749 3996 numero.
780 3943 917 3994 Antiernir
927 3952 1045 3996 aroensis
1055 3953 1126 3998 bion.
1136 3951 1236 4006 (lierba

133 4013 290 4068 iiuphtbaitni
303 4015 399 4074 otio),
417 4011 556 4063 Anthemio
567 4019 693 4062 tinctorio
701 4019 773 4064 itinn.
788 4017 993 4074 OEupittbaimum
1002 4023 1106 4074 vulgare
1115 4033 1135 4066 s.
1146 4023 1235 4067 cotula

108 4083 113 4092 '
132 4083 199 4128 lutea
211 4083 310 4140 oiic.),
330 4081 440 4128 ,dicrota
450 4084 544 4129 Cntatrr
553 4087 603 4133 ilc.
618 4084 719 4140 (cotula
733 4087 824 4133 foetida
836 4099 857 4132 s.
867 4089 1030 4134 chamomilla
1043 4089 1136 4133 foetida
1149 4086 1233 4142 otio.)

132 4155 154 4194 et
163 4148 303 4196 Santniiarr
313 4150 577 4211 onenoeqpporirror
586 4156 659 4200 Lirin.
673 4154 818 4210 (Santonos
833 4169 853 4200 s.
864 4151 1017 4202 Abrotonum
1033 4155 1233 4213 foeminaoiiic.)

132 4219 221 4264 exoleti
229 4231 301 4266 usos,
338 4217 731 4282 Sontoiinrrefrogrootisriraae
739 4225 826 4270 Forslr.
837 4223 935 4270 fruticis
943 4225 969 4269 in
979 4225 1092 4279 Aegypto
1102 4227 1125 4267 et
1135 4224 1236 4270 orienti

132 4289 265 4334 crescentis
278 4285 390 4342 capitula
402 4293 539 4338 aromatica
552 4292 641 4348 (volgo
653 4294 787 4350 Bebourry,
800 4295 936 4347 zeysonm,
952 4288 1076 4344 Gnaeum)
1089 4290 1116 4336 in
1126 4291 1233 4337 oiloinis

132 4353 255 4404 miricis
273 4359 452 4406 comnomdlne
472 4361 564 4406 nobilis
583 4363 637 4406 ioco
654 4362 802 4406 vendantur.
840 4354 972 4418 Anncyrli
987 4355 1114 4415 inretire·
1129 4359 1232 4406 Senrad.

133 4425 447 4490 nttrtrsdlxsatlvorla,
461 4429 534 4476 radix
541 4429 666 4490 Pyreurl,
680 4427 910 4486 bertram-wara)
920 4428 1004 4474 resina
1013 4427 1094 4489 molli,
1104 4429 1232 4476 mnodum
