2990 5044
197 549 251 604 torn
259 545 306 594 snb
316 539 362 594 29⁰
370 541 398 592 ln
408 545 436 592 Ι.
447 540 667 594 adremoslderls
681 543 793 589 ardorem
805 541 905 590 cantius
917 541 1080 590 detendendae.
1114 543 1195 592 Juxta
1203 543 1305 597 Antea

200 618 271 662 littus
280 615 434 660 occidentale
443 613 531 660 vineae
539 616 586 659 sub
596 606 663 678 ²⁷i⁰
673 611 700 657 ln
709 611 738 656 a.
747 610 774 656 ln
783 610 870 658 insula
877 611 952 658 Ferro
961 611 1027 659 sitas
1035 615 1102 659 sunt.
1115 615 1154 664 ¹lu
1162 613 1306 670 regionibns

201 683 301 738 tropicis
319 683 385 728 Vitls
406 681 431 727 ln
450 681 528 726 bortis
545 691 603 726 rara
621 683 759 738 plantatur,
786 683 909 744 agrestem
926 682 1049 726 culturam
1066 681 1198 738 detrectat,
1226 683 1307 730 trutex

200 753 287 808 ranldo
297 751 446 796 incremento
455 753 502 796 sub
513 748 606 794 tervldo
619 751 673 794 sole
686 749 747 793 mira
760 747 908 806 luxurians,
926 748 1073 808 turcisque,
1091 749 1142 795 nist
1155 755 1250 798 mature
1263 752 1307 796 de·

200 824 300 874 ceretae
318 819 476 872 comedantur
493 817 622 876 exsuccis,
641 816 746 876 inutilis.
781 817 809 861 in
823 816 942 862 America
960 815 1054 862 boreali
1071 817 1156 863 vineta
1171 829 1228 864 rara
1240 825 1305 878 sunt,

200 891 300 934 cultrrra
308 887 346 932 eis
355 881 401 932 ³8⁰
410 884 438 930 L.
447 887 476 932 ll.
486 886 593 931 nondum
604 889 706 934 tentato.
741 885 821 930 Trans
830 883 1002 938 capricornum
1012 885 1037 930 ln
1048 885 1135 940 canite
1150 889 1230 932 bonae
1238 887 1304 946 spel,

201 956 228 1002 ln
239 957 367 1002 ctritenuru
381 965 436 1011 ora,
454 955 487 1000 ad
500 953 566 999 ostia
577 952 686 999 dominis
696 955 733 999 La
742 953 818 998 Plato
829 957 854 998 et
867 953 894 998 io
903 956 973 999 Noua
982 954 1117 999 llotiaudia
1128 953 1220 1000 uineae
1234 958 1306 1010 ntan-

202 1029 344 1070 tataesunt.
379 1022 510 1068 'terminus
525 1020 640 1068 elationis
653 1022 792 1068 vinetorum
805 1031 849 1076 nro
862 1020 1065 1076 indolereaiunis
1078 1023 1174 1070 varias.
1208 1025 1308 1069 luder·

102 1085 107 1097 '
201 1092 287 1140 mania
300 1090 443 1137 sustlailori
455 1091 487 1136 ad
501 1090 570 1136 mitte
584 1095 608 1136 et
620 1091 690 1136 rniite
702 1089 873 1146 septingentos
882 1101 960 1143 saura
969 1091 1046 1136 marie
1055 1091 1167 1136 libellam
1176 1091 1252 1146 aedes
1261 1092 1307 1138 ad-

201 1161 335 1216 scendunt,
354 1160 380 1204 in
393 1159 610 1213 austratlAinlum
625 1159 749 1204 adscensu
764 1157 803 1204 bis
817 1157 886 1203 mille
900 1159 989 1214 pedum
999 1157 1163 1204 elevationem
1173 1159 1306 1218 attingunt,

203 1228 229 1276 in
240 1219 300 1283 lugo
309 1227 497 1281 anennoeton
510 1230 535 1272 et
548 1227 572 1271 ln
585 1225 677 1272 stettin
688 1229 725 1271 ter
737 1225 807 1272 mille
819 1227 909 1281 pedum
924 1227 1057 1272 altitudine
1070 1227 1132 1272 butri
1143 1231 1307 1274 maturantur.

202 1297 433 1351 tarnuanense,
452 1295 478 1340 ln
488 1297 570 1340 decern
584 1295 653 1340 mille
666 1295 754 1349 nedum
767 1293 923 1340 altitudinem
936 1297 1017 1351 elota,
1034 1295 1117 1342 vinela
1129 1295 1228 1342 censita
1240 1299 1307 1342 sunt.

201 1367 230 1410 ln
245 1363 359 1418 carnatis
375 1363 501 1410 montibus
518 1365 584 1408 ultra
597 1367 774 1420 nongentorum
787 1363 876 1416 nedum
890 1362 1053 1408 merodonenr
1066 1363 1238 1410 vitlenlturarn
1251 1360 1313 1410 ces·¹

166 1433 168 1440 ’
202 1443 272 1488 aare,
291 1443 305 1478 e
318 1431 450 1486 nraeeinltl
464 1433 510 1476 sub
525 1429 622 1478 initium
631 1431 782 1486 Septembris
798 1434 977 1486 temperaturae
989 1431 1016 1478 in
1029 1431 1069 1478 lits
1082 1431 1208 1480 montibus
1220 1433 1307 1480 decre·

201 1506 298 1559 mento,
317 1504 341 1545 et
350 1511 364 1546 e
373 1509 430 1544 sera
439 1501 534 1544 aestate
548 1498 695 1552 explicatur.
730 1497 838 1544 Galliam
850 1499 905 1543 rint
919 1511 975 1546 esse
987 1497 1181 1559 ferocissimam,
1200 1505 1223 1545 et
1236 1501 1306 1546 nobi·

201 1567 316 1615 tissimus
326 1567 408 1613 temeti
417 1567 515 1634 spectes
524 1577 600 1622 prone
608 1569 721 1613 culturae
730 1567 832 1613 limitem
841 1569 964 1612 borealem
973 1566 1056 1628 nasci,
1070 1567 1251 1614 concedendum
1261 1573 1306 1614 est.

288 1643 508 1710 Quantam
521 1655 546 1698 ot
558 1657 661 1702 uum.
694 1651 778 1698 Aclda
789 1651 886 1698 diuersi
894 1651 1006 1710 gerarte,
1025 1663 1089 1708 unae
1097 1663 1142 1708 ner
1151 1664 1235 1699 onrneo
1245 1653 1307 1699 ista·

202 1733 257 1769 rurn
273 1724 414 1776 plantarum
432 1721 631 1778 partesbrunna,
649 1720 737 1774 matari
749 1733 774 1766 v.
787 1720 877 1767 minori
890 1721 976 1780 conia,
993 1731 1060 1768 nunc
1072 1731 1149 1780 nura,
1166 1733 1233 1767 nnnc
1246 1726 1307 1768 aub-

132 1839 134 1844 ,
202 1790 304 1836 stantiis
322 1789 534 1846 adstringentibus
551 1795 576 1836 et
592 1789 760 1836 colorantibus
776 1787 921 1848 tumultuata,
946 1789 974 1836 ln
994 1789 1121 1845 nlerlsqna
1141 1789 1305 1849 reneriuutur,
1333 1787 1360 1834 0

202 1857 335 1914 primarius
348 1857 450 1904 virtutis
463 1857 665 1914 Amnetldearum
679 1857 735 1904 fons
747 1861 813 1904 sunt.
849 1858 1002 1904 saccharum
1018 1857 1153 1915 nocuilarls
1170 1857 1263 1904 indolis
1278 1859 1305 1904 ln

201 1927 315 1972 baccaris
332 1929 509 1973 nonnullarum
528 1924 650 1973 fructibus
667 1937 723 1972 curn
741 1925 823 1972 acidia
841 1925 934 1971 diversi
951 1926 1050 1982 generis
1071 1925 1238 1976 combinatum
1259 1931 1305 1974 est.

202 1995 296 2040 llornrn
305 2005 396 2040 succus
407 2007 556 2052 exoressurr,
574 1997 689 2041 absoluta
700 1993 899 2053 fermentatione,
917 1993 1029 2049 inquam
1044 2004 1163 2050 praeceps
1177 1993 1238 2053 ruit,
1260 1991 1306 2038 Vr·-

202 2073 262 2107 rrnor
271 2067 322 2120 est,
340 2063 404 2116 qnod
413 2063 571 2128 bominlsour
584 2062 716 2120 laetldcat,
734 2063 765 2108 ds
778 2064 851 2117 culus
863 2064 939 2108 tanda
952 2062 1016 2108 nitrtl
1028 2063 1125 2109 addam.
1158 2063 1305 2109 Innumerae

202 2131 263 2178 Vini
281 2143 295 2175 e
313 2131 370 2177 Vite
387 2131 535 2190 varietates,
557 2131 661 2178 avaria
678 2131 818 2189 soldorum,
840 2129 908 2176 acidi
924 2131 1021 2189 malici,
1040 2129 1135 2190 clirici,
1153 2130 1265 2178 rotaria
1282 2136 1307 2178 et

202 2199 333 2258 racemtcl,
360 2209 416 2244 cum
434 2203 567 2258 sacchore,
593 2211 675 2258 muco,
702 2198 852 2246 substantiis
869 2199 1036 2245 mturantlbns
1054 2204 1078 2246 et
1095 2197 1307 2256 adstringentibas

203 2266 307 2313 miscela
314 2269 432 2326 pendent,
451 2267 652 2322 quactumesotl
666 2271 689 2312 et
704 2267 825 2327 climatis,
844 2271 895 2313 tam
908 2279 922 2312 e
936 2265 1035 2312 fruticis
1047 2267 1108 2312 culti
1122 2265 1209 2313 nativa
1223 2266 1306 2314 indole

202 2335 287 2392 raris,
304 2335 461 2389 stlamtuxta
468 2335 540 2394 sarri,
557 2345 607 2390 uno
615 2339 701 2382 natam
713 2341 765 2392 est,
784 2333 938 2390 temperiem,
952 2337 1028 2390 Juxta
1039 2335 1104 2382 tttnd
1115 2335 1180 2390 uuud
1193 2335 1220 2385 la
1232 2347 1305 2392 urae-

196 2405 313 2458 ·narande
324 2403 455 2450 adnitatur
466 2403 608 2462 arttlcium,
628 2409 651 2450 et
663 2405 800 2451 secundnm
819 2403 901 2450 temeti
917 2407 1025 2452 oetatem
1043 2405 1144 2452 diuersa
1159 2415 1218 2452 orso
1234 2407 1305 2452 sore.
1367 2432 1369 2440 ·

192 2475 269 2518 istas
284 2478 381 2530 nostor,
399 2473 444 2526 uui
460 2474 490 2518 de
503 2472 598 2520 Palmts
615 2471 729 2532 artosii,
747 2472 877 2518 batamcus
890 2463 1104 2525 o'o’souoee'ouroc
1118 2473 1177 2518 olim
1191 2477 1305 2532 erronei,

203 2541 263 2586 mitri
278 2540 379 2596 triplex,
398 2541 424 2586 in
438 2542 501 2595 uncti
517 2551 587 2586 omne
597 2540 682 2584 nim
692 2539 853 2595 disnoscitur,
871 2551 964 2598 genua,
981 2537 1123 2598 aridolum,
1141 2537 1306 2600 odoarium

203 2613 227 2654 et
240 2606 327 2665 doleo,
345 2612 391 2656 troc
405 2611 458 2654 loco
472 2620 676 2656 commemorasse
684 2608 799 2656 sufficiat.
838 2605 924 2666 Uvae,
944 2607 1306 2670 retecttstoltteultseomssaa

203 2677 285 2722 cibum
293 2676 433 2732 largiuntur
442 2683 552 2736 gratum,
571 2678 668 2734 digestu
677 2677 816 2724 facilemet
829 2679 923 2732 absque
935 2677 1036 2724 stimulo
1049 2678 1210 2738 nutrientem,
1228 2678 1256 2724 in
1268 2677 1306 2723 dl-

202 2745 284 2790 versls
302 2745 376 2792 etiam
393 2745 485 2792 nrorbis
503 2747 648 2791 salutarem.
695 2741 768 2789 Uvae
785 2745 870 2790 siccae
887 2756 933 2792 seu
949 2743 1073 2802 narratae
1090 2745 1202 2791 minores
1215 2746 1307 2803 [vulgo

203 2813 326 2874 Rosinen,
345 2812 490 2869 cortnrnen)
500 2818 524 2858 et
533 2809 645 2869 rrrnjorer
656 2811 746 2870 [vulgo
756 2812 879 2869 cibeben)
889 2813 915 2860 in
925 2814 1061 2873 lllsnania,
1080 2814 1186 2862 Graecia
1198 2820 1224 2861 st
1231 2813 1308 2869 syria

202 2885 291 2940 natae,
310 2881 415 2936 plurimo
433 2881 649 2927 circumvenunrur
666 2881 820 2930 commercio.
855 2883 936 2930 cirrtrl
953 2882 1055 2930 vtnitert
1068 2882 1167 2930 trutlcis
1181 2879 1308 2942 Qrumpiss'

206 2945 301 3007 Vitta),
320 2959 408 3003 sapore
418 2949 517 2996 acidulo
526 2950 691 3006 adstringenti
700 2951 795 3010 donati,
814 2953 845 2998 ob
854 2950 1173 3006 virtutemdianboreticam
1186 2957 1211 2998 et
1224 2952 1307 2998 dlure·

203 3018 277 3064 ticam
287 3019 495 3066 commendantur.
528 3019 613 3076 Folia,
632 3025 656 3066 et
665 3019 707 3074 nui
716 3031 748 3064 ex
757 3018 880 3066 abscissio
893 3019 970 3066 ramis
984 3031 1042 3066 vere
1054 3019 1133 3066 eidnlt
1145 3030 1237 3068 succus
1249 3020 1307 3066 linr-

202 3086 277 3142 nldus
288 3083 433 3144 (doemonas
445 3083 538 3144 Vitia),
558 3087 649 3134 exoleti
659 3099 721 3134 usus
730 3093 796 3133 sunt.
830 3089 928 3134 Baccae
936 3087 1082 3133 immaturae
1091 3091 1116 3133 et
1130 3091 1236 3134 acerbae
1248 3100 1308 3134 suc-

203 3166 249 3200 cus
259 3147 426 3214 (ὀμφάκιον),
436 3156 507 3201 Italis
517 3160 616 3202 nostrae
626 3156 716 3202 aetatis
725 3157 830 3214 ngrerto
841 3156 931 3214 dictus,
946 3155 1106 3202 domesticum
1116 3161 1155 3202 est
1163 3158 1307 3214 remedium,
1354 3157 1359 3166 “

202 3223 230 3270 ln
248 3227 341 3270 uvolae
359 3225 562 3278 tonsillarumuue
580 3225 663 3284 rltlls,
678 3225 752 3280 juxta
765 3235 795 3270 ac
809 3223 836 3270 ln
849 3223 991 3278 scrounutis
1004 3229 1028 3269 et
1040 3227 1155 3271 scorbuto
1168 3225 1307 3272 laudatum.
1365 3245 1371 3251 ·

202 3293 326 3340 Ederatae
337 3293 402 3338 Vitis
412 3293 482 3340 liores
491 3283 640 3352 (οἰνάνθη)
648 3293 774 3339 veteribus
782 3293 847 3338 inter
855 3291 993 3338 medicinas
1002 3292 1110 3350 laudati,
1128 3293 1162 3338 ad
1170 3293 1308 3340 condienda

203 3362 376 3415 odorandanue
389 3361 450 3406 vina
462 3361 596 3408 etiamnum
609 3361 764 3408 adhibentur.
799 3361 820 3406 Ε
834 3359 971 3406 seminibus
984 3363 1064 3408 oleum
1082 3362 1186 3422 pingue,
1204 3361 1307 3408 siccati-

203 3439 262 3474 vum
272 3429 402 3476 obtinetur.

288 3497 355 3543 Vitis
368 3496 466 3550 snecles
480 3496 754 3543 boreali-amerlcsnee
771 3499 863 3542 baccas
882 3495 1010 3551 unierunt
1026 3501 1143 3554 acerbas,
1162 3508 1225 3551 uuae
1243 3495 1307 3543 inter

204 3566 342 3618 sylvestres
361 3562 457 3609 fructus
475 3567 567 3622 lectae,
584 3564 759 3610 itinerantibus
777 3563 904 3620 refrigerio
917 3569 983 3612 sunt..
1020 3560 1150 3610 Cianorum
1164 3565 1307 3612 irmumerae

203 3631 313 3692 onecles,
331 3640 435 3685 unarum
446 3635 582 3678 nonnullae
590 3635 619 3676 ub
630 3633 746 3679 virtutem
755 3632 940 3689 refrigerantem
949 3636 974 3679 et
982 3635 1120 3680 solventem
1133 3634 1160 3680 ln
1173 3633 1308 3680 domestica

203 3700 350 3810 poemorum
366 3699 490 3747 medicina
507 3702 677 3762 celebrantem
702 3702 857 3757 quarundam
874 3699 936 3748 tella
949 3701 1052 3758 juniora
1067 3709 1139 3750 cocta
1155 3702 1231 3750 etiam
1252 3703 1307 3750 cibo

145 3815 155 3838 ο
205 3777 273 3814 sun.

501 3916 606 3974 ttrdo
623 3915 783 3974 cnm.
823 3916 1010 3977 corum.

289 4038 426 4100 Arbores
443 4057 470 4098 u.
480 4035 628 4117 sentices,
647 4042 740 4101 rarius
758 4051 861 4101 trunco
879 4040 1067 4102 subterraneo
1085 4059 1181 4102 ramos
1198 4056 1307 4100 annuos

206 4136 361 4184 exserente
383 4123 494 4184 herbae
516 4144 636 4185 annuae.
680 4128 768 4186 Folia
791 4127 924 4207 opposita
946 4137 996 4186 aut
1017 4127 1164 4186 rarissime
1182 4127 1305 4196 alterna,

130 4269 145 4282 ,
206 4210 358 4288 simplicia,
377 4211 577 4291 penninervie,
597 4212 782 4290 integerrima
800 4232 827 4273 v.
846 4223 972 4286 serrata,
991 4211 1172 4292 exsbpulntn.
1198 4207 1309 4272 ‘Fici-er

207 4293 330 4374 por-lecti
349 4315 376 4357 v.
394 4293 495 4358 abortu
513 4296 690 4377 inperfecti,
715 4299 832 4375 capitati
849 4317 877 4358 v.
896 4298 1056 4371 umbellati,
1075 4295 1226 4358 involucro
1244 4313 1308 4355 sne·

207 4378 270 4458 pius
296 4380 427 4444 colorato
453 4383 555 4458 cincti,
589 4383 683 4444 rarius
711 4381 889 4464 corymbosi,
925 4383 1144 4446 axinvolucrati.
1192 4381 1309 4474 Calynda
