2942 5040
200 549 227 595 st
237 545 349 594 averna
362 545 553 607 amplectione
570 539 1261 605 necnon&wedaoobromiauetsemedaeryttrdro,
1280 547 1306 594 in

201 615 354 662 bicbentbus
370 615 463 670 vania,
481 616 508 661 tn
524 614 617 662 cortice
634 614 752 670 strychni
763 614 940 670 Pseudoqnina
952 615 988 660 St.
1002 613 1053 662 litt.
1066 614 1248 674 babitantibus,
1268 627 1307 660 re-

201 683 296 731 sidens.
322 685 351 729 ln
361 683 472 731 vetraria
482 683 607 734 islandica
615 683 678 730 neu.
688 681 786 728 acidum
796 683 973 736 naramslicum
984 689 1106 738 repertum
1114 681 1169 728 init.

286 753 354 797 inter
366 751 489 798 Licbenca
502 751 641 797 olicinslea
653 749 776 804 imprimis
785 751 950 798 nominandus
960 745 1057 795 uteie„
1066 747 1208 795 iriaadr'caa
1217 748 1306 805 (iiiut-

201 821 373 874 lnngennroos,
389 821 579 873 Kramoerttbee
590 833 628 860 ==
636 817 749 864 cetrarla
757 817 883 866 islandica
891 819 956 864 Acin.
973 817 1068 865 bicben
1077 819 1217 866 islandicus
1225 819 1271 876 ia.)
1281 819 1309 869 itt

201 889 318 942 Europae
326 885 422 933 mediae
431 892 453 932 et
463 887 572 933 borealis
580 886 706 933 montibus
714 891 738 932 et
748 886 969 944 alpibusgrcgsrie
979 897 1103 934 crescens.

286 954 392 1002 Plurimi
405 955 464 1000 olim
478 955 504 999 in
518 953 625 1002 oidcinis
638 954 742 1012 recepti,
760 954 833 1000 bodie
846 955 938 1000 exoleti
947 959 1013 1000 sunt.
1037 951 1171 998 Paroreiia
1180 951 1308 1000 saxatilis
1396 953 1397 956 ’

201 1021 268 1070 Acin.
282 1019 311 1066 Ρ.
320 1017 483 1080 amplectentes
491 1023 554 1068 Acin.
564 1025 588 1068 et
600 1019 687 1067 Usneu
695 1018 771 1066 birra
779 1024 843 1068 Acti.
858 1019 978 1077 (Muscas
988 1023 1067 1068 cranii
1077 1023 1178 1070 humani
1188 1021 1272 1080 otio.)
1282 1023 1308 1068 in

201 1089 335 1150 esttenete,
349 1089 494 1145 dysenteria
507 1093 530 1136 ei
545 1090 678 1146 sanguinis
691 1089 835 1150 profluviis,
845 1087 979 1135 Pometia
982 1091 1119 1149 pnn'etr'na
1127 1091 1189 1137 Acin.
1199 1087 1309 1145 [Llcben

201 1160 341 1216 parietinas
349 1157 433 1214 otio.)
447 1156 580 1204 Parentalia
582 1157 750 1220 furfaraoea
762 1159 827 1205 Acta
841 1165 864 1206 et
879 1155 1033 1216 Poropbora
1043 1165 1154 1216 putata
1161 1159 1225 1206 Acin.
1235 1159 1262 1205 ln
1272 1159 1310 1204 le·
1327 1171 1331 1178 ·

201 1227 288 1274 unibus
298 1227 516 1274 intermittentibus
526 1227 661 1274 adbibitaa.
688 1223 829 1271 Eoernr'ma
837 1225 984 1272 Pranaurr'
989 1229 1053 1274 Acb.
1063 1225 1183 1282 (binaeue
1192 1229 1310 1273 arboreus

202 1307 225 1343 s.
237 1296 350 1343 acaciae
361 1295 447 1354 otilo.)
460 1295 632 1342 intestinorum
651 1295 778 1350 prolapsnt
794 1296 886 1342 mederi
900 1295 1027 1342 creditum.
1062 1293 1196 1354 Pelopem
1213 1295 1310 1339 canino

201 1366 266 1413 Actu.
276 1361 395 1418 [Muscas
405 1365 527 1410 terrestris
536 1364 685 1419 siiepatica
696 1363 821 1410 terrestris
826 1363 910 1420 olle.)
921 1365 1032 1418 pulueris
1041 1363 1173 1422 antitysal,
1187 1363 1310 1410 tutissimi

150 1450 155 1460 ·
202 1433 331 1478 ueteribus
348 1434 469 1478 adt'erstts
487 1431 580 1478 rabiem
598 1431 714 1478 caninam
729 1431 843 1492 remedii,
860 1433 1015 1487 malorpars.
1048 1429 1183 1476 Petttdeae
1195 1427 1309 1488 opintio-

204 1509 251 1545 saa
263 1500 328 1546 Actu.
347 1497 445 1554 [biusci
458 1499 586 1546 cumsttttr
602 1498 686 1556 oidc.)
703 1499 771 1546 vires
789 1500 925 1556 draaticae,
944 1499 1174 1558 nntnetmtntnicae,
1192 1499 1310 1554 frequens

203 1569 326 1614 mversus
340 1571 446 1622 antrtbaa
456 1580 526 1615 usus.
553 1565 640 1612 Stieis
648 1565 820 1626 pulmonem
829 1570 893 1616 Acti.
903 1567 1000 1624 (Herba
1009 1567 1181 1622 pulmonariae
1188 1570 1310 1614 arboreae

204 1635 288 1693 olle.)
297 1639 327 1682 ob
337 1637 404 1682 uires
413 1637 510 1684 ionicus
520 1641 544 1682 et
553 1635 828 1692 nutrientaausnrpata.
845 1634 985 1694 Ceaorayoe
992 1633 1309 1694 pyn’dotodcbdinicben

202 1703 339 1759 aynidmus
349 1717 370 1750 s.
380 1707 464 1750 Herba
473 1705 539 1762 ignia
549 1697 633 1760 (liic.)
644 1709 667 1752 et
678 1701 817 1762 Cenomycs
825 1703 958 1766 cocor'sera
966 1705 1030 1750 Acti.
1041 1703 1159 1761 [muscus
1169 1703 1308 1750 cocciieraa

203 1771 274 1819 (lide.
282 1775 358 1828 vulgo
367 1773 597 1830 sebarlacbmoos),
606 1783 713 1830 magnae
721 1773 871 1819 munands
880 1771 944 1819 tussi
954 1772 1104 1818 convolatus
1112 1772 1205 1818 laudis,
1225 1769 1307 1815 ceno-

203 1850 275 1898 syce
287 1838 467 1886 ver-acutam
475 1843 538 1888 Acta
553 1841 645 1900 [rotgo
657 1841 827 1896 cuntrayerba
836 1841 943 1898 blanca)
959 1841 986 1886 in
995 1840 1111 1887 ‚inultm
1124 1840 1248 1886 Penariae
1261 1850 1310 1886 na-

203 1919 291 1967 scens,
304 1913 335 1954 ob
344 1908 468 1965 insignem
477 1910 615 1956 amaritiern
630 1914 762 1965 praestans
773 1910 958 1956 stomachicum.
980 1905 1115 1953 Alectoria
1124 1903 1238 1952 Arabum
1246 1910 1309 1956 Acb.

204 1974 295 2032 (vulgo
308 1977 440 2034 oscbnalt)
452 1981 483 2024 ob
496 1979 565 2025 uires
578 1979 709 2037 sedantes,
726 1977 876 2033 bynnoticas
889 1979 948 2024 ultan
965 1977 1079 2024 celebris.
1104 1977 1207 2022 Praeter
1219 1976 1309 2022 intebe-

204 2044 424 2092 uem-islnndicnm
439 2059 471 2093 ex
484 2049 624 2094 basanae
632 2047 724 2093 nostris
733 2047 759 2092 in
768 2045 874 2099 otdclnis
883 2049 999 2093 intretur:
1017 2040 1122 2090 *Lacca
1131 2042 1216 2090 Murci
1227 2043 1309 2099 (Latt-

203 2123 273 2173 mua,
282 2113 379 2160 Litmus
386 2146 393 2170 ,
401 2112 563 2173 l'onrnesotJ,
573 2115 725 2170 pigmentum
730 2111 868 2158 Bomitae
878 2113 1018 2160 tinctorias
1023 2115 1074 2160 ilc·
1085 2114 1112 2160 in
1121 2113 1225 2168 mnibus
1233 2112 1310 2159 mari-

204 2181 272 2227 tlrnls
280 2183 396 2237 Europae
404 2183 612 2240 mediterraneae,
622 2183 744 2237 tmortmts
753 2183 927 2242 occidentalis,
937 2183 1203 2241 insularumAaornm,
1213 2181 1310 2237 capitis

202 2251 284 2296 bonae
305 2250 360 2305 snei
381 2255 406 2296 et
426 2251 512 2297 indiae
534 2251 664 2297 orientalis
686 2251 831 2298 crescentie.
869 2253 952 2298 Lacca
969 2251 1080 2306 musica,
1102 2261 1166 2304 quae
1187 2251 1259 2296 bodie
1278 2261 1310 2295 ex

204 2317 312 2364 oidcinIs
329 2317 447 2364 cbemlcis
460 2320 638 2370 liollsndoruru
651 2318 796 2378 advehitur,
814 2314 980 2366 eleonora
995 2322 1119 2362 tartarea
1133 2319 1309 2375 ,tcb.,in1tu-

204 2397 266 2441 runa
273 2387 368 2433 boreali
378 2388 567 2446 vulgatissima,
584 2393 674 2442 aerata
682 2392 728 2434 est.
757 2381 897 2432 hebaero
903 2385 1008 2446 percita
1016 2387 1080 2432 Acb.
1090 2385 1222 2432 orasitlanr
1230 2397 1251 2432 s.
1261 2386 1310 2432 ilo·

202 2455 341 2502 lumbinam
353 2453 473 2512 [Arelli]
486 2455 604 2517 largitur,
622 2456 686 2502 idern
695 2467 727 2501 ex
737 2451 817 2500 detdic
826 2453 952 2500 scrattiae
961 2455 1024 2501 Acb.
1034 2455 1165 2501 obtinetur.
1191 2451 1309 2498 Indicam

204 2521 311 2570 utrem
321 2521 424 2576 (Persio
432 2522 587 2579 scudbear)
597 2537 611 2570 e
620 2523 747 2570 Parmelia
754 2523 858 2570 saxatili
866 2525 930 2570 Aob.
940 2523 1048 2578 sitisque
1057 2521 1188 2577 speciebus
1197 2529 1308 2577 paratur.

290 2592 417 2638 Plurimae
427 2591 549 2639 loliaccae
558 2597 582 2638 et
591 2593 765 2650 imticuloaae,
780 2591 902 2647 principio
912 2591 1065 2638 amaricante
1074 2603 1119 2646 ope
1128 2590 1260 2636 solutionis
1269 2595 1308 2636 al·
1344 2585 1352 2594 “

205 2657 302 2706 salicae
310 2665 418 2719 secreto,
432 2661 541 2715 gentium
551 2663 758 2716 hyperborearum
767 2660 914 2706 nutrimento
923 2659 1071 2706 inserviunt.
1096 2656 1234 2717 Cenomyce
1244 2669 1309 2702 raa-

202 2725 319 2788 giferr'aa
331 2729 394 2773 Acir.
408 2729 576 2774 retentorum
590 2740 678 2784 greges
691 2731 823 2774 sustentat.
850 2727 997 2783 singulares
1010 2731 1068 2773 sunt
1081 2723 1233 2770 Lecunorue
1246 2725 1308 2773 iliae

203 2796 291 2842 edules
303 2795 492 2854 Ettersmannii,
510 2807 574 2851 enac
592 2797 617 2842 in
634 2797 716 2842 vastis
733 2795 812 2842 Asiae
830 2795 934 2843 desertis
948 2805 1040 2854 magna
1058 2795 1131 2854 copia
1144 2794 1307 2854 reperiuntur,

205 2864 326 2926 aventis,
343 2867 371 2911 ut
378 2864 487 2926 videtur,
506 2863 799 2920 elongtnouoadrectae.

378 3098 558 3185 sectio
574 3099 657 3184 ΙΙ.
704 3066 1134 3201 nystcropnrta

290 3289 334 3363 In
347 3291 544 3390 organismis
556 3291 844 3388 languescentibus
858 3316 889 3364 r.
904 3293 1060 3366 ctnortnis
1070 3301 1182 3385 onam,
1200 3293 1309 3364 inins-

205 3394 415 3490 susccptione
436 3418 455 3467 c
477 3395 613 3466 matrice
635 3395 777 3488 nutrita,
804 3417 929 3492 organa
951 3397 1062 3468 omnia
1083 3395 1181 3468 sirnnl
1198 3393 1309 3491 explli-

206 3495 332 3589 cantia‚
350 3494 483 3568 definito
499 3496 686 3592 pereuntia.

502 3693 684 3767 classis
701 3696 793 3767 m.
831 3695 1008 3786 ltnongt.
1029 3705 1035 3734 t

290 3853 426 3948 Fartgt'
448 3862 524 3927 snnt
548 3854 748 3951 vegetabilis
773 3879 793 3928 e
819 3855 1012 3954 serpenbus
1039 3855 1206 3953 organicis
1231 3856 1310 3928 lan-

205 3957 438 4055 guescentibus
464 3957 533 4029 sire
559 3956 840 4054 pubescentibus,
871 3957 1122 4050 siresburna,
1148 3965 1308 4055 quatenus

206 4085 249 4133 ex
268 4059 464 4155 organisatis
480 4060 515 4130 in
533 4083 594 4132 sua
610 4059 775 4159 principie
791 4060 1004 4133 redeuntibn's
1027 4067 1172 4154 censat,
1199 4067 1307 4153 enata,

206 4185 246 4234 ex
272 4160 390 4234 iisdem
416 4161 712 4259 iniussnsccptione
743 4185 817 4236 sese
846 4163 1043 4258 nutrientia,
1075 4164 1111 4236 in
1136 4163 1210 4261 ipso
1235 4171 1308 4235 ortu

207 4261 330 4355 relate,
356 4287 375 4336 c
402 4263 535 4336 cellulis
559 4263 797 4362 irregularibus
823 4266 1022 4364 composita,
1048 4289 1174 4363 organa
1199 4264 1309 4337 omnia

207 4363 305 4438 simul
317 4365 534 4462 explicantia,
553 4365 815 4464 extremitatibus
828 4367 973 4443 delinitis
986 4367 1028 4442 ad
1041 4365 1310 4463 formemspbac·
