2968 5038
215 511 408 590 stemioigeris
430 511 477 569 nri
505 511 645 569 communi
674 511 795 583 inserte,
823 513 927 589 spicam
956 511 1123 584 formantia,
1152 533 1225 574 nnuc
1254 535 1318 575 rnre

213 609 244 658 et
262 596 324 658 basi
343 597 459 655 bractea
478 615 564 674 parve
583 607 727 668 sustento,
755 617 829 655 nunc
849 597 979 655 conlecto
998 607 1028 655 et
1045 597 1207 672 imbricem,
1235 599 1319 659 ebru-

215 693 325 752 cteatn,
344 681 512 760 filomentr's
535 681 723 758 brevissimis,
752 683 885 742 authoris
907 682 1127 756 biloculnribus,
1157 685 1260 744 loculis
1283 687 1318 745 ii-

211 767 362 838 nearibus,
393 768 590 825 conuectivum
614 768 851 846 mnrgiuontibus,
879 767 1126 848 longitudineliter
1144 769 1318 831 dehiscenti-

210 851 276 912 bus.
324 853 354 910 ln
378 852 496 910 lloribus
518 851 658 931 perlectis
675 855 801 914 stamine
819 853 855 912 ab
875 875 930 912 uno
949 853 985 912 ud
1004 855 1071 924 triu,
1097 875 1159 914 cum
1179 859 1317 933 germinis

211 936 298 996 dorso
318 939 574 1010 eoulerrumiuntn3
594 938 927 1014 filuoueutt'scuriuotis,
951 939 1012 998 bosi
1030 942 1106 998 iuter
1124 961 1156 1000 se
1175 945 1316 1016 coeuntis,

210 1023 377 1082 lateralibus
404 1023 586 1082 brevioribus
613 1025 739 1085 cutberto
769 1023 954 1096 uniloculnri,
991 1025 1163 1085 intermedio
1195 1028 1316 1086 notbere

210 1108 362 1167 biloculari
388 1110 549 1180 instructis,
579 1109 681 1168 loculis
708 1111 852 1182 introrsis,
885 1110 1036 1188 oppositis,
1069 1111 1317 1188 longitudinaliter

211 1193 434 1253 dehiscentibus.
486 1197 608 1271 Gerrnen
635 1196 751 1266 sessile,
782 1197 924 1274 trigonum
950 1216 977 1254 v.
1006 1196 1224 1274 subglobosum,
1253 1200 1316 1257 uni·

211 1279 351 1338 loculare.
402 1281 549 1338 Gemmula
577 1281 675 1351 unice,
706 1281 837 1340 cevitutis
864 1281 939 1358 epici
966 1301 1107 1360 appensa,
1138 1283 1316 1363 ortbotropa.

212 1365 329 1442 Strenua
349 1365 511 1436 terminale,
538 1365 656 1435 sessile,
684 1365 814 1424 obtusum
832 1387 858 1424 v.
879 1367 1061 1444 depressum,
1090 1368 1170 1427 sulco
1188 1371 1318 1447 'emergi-

210 1461 305 1508 uetum
329 1469 357 1507 v.
380 1449 573 1521 sublebetunn‚
602 1447 764 1509 deciduum.
812 1454 919 1529 Drupa
944 1452 1079 1526 baccata,
1108 1473 1315 1532 monospermu,

210 1537 353 1614 putamine
374 1535 467 1606 tenui,
486 1535 594 1612 fragili.
629 1537 734 1595 Semen
752 1536 917 1616 pendulum,
936 1538 1132 1614 integumento
1151 1541 1315 1600 tenuissime

210 1621 440 1680 membranaceo.
488 1620 616 1697 Embryo
640 1622 669 1678 in
692 1624 775 1701 apice
797 1623 948 1682 elbumiuis
972 1626 1100 1702 copiosi,
1133 1627 1249 1685 carnosi
1272 1627 1317 1683 ic-

210 1705 319 1776 clusus,
356 1705 528 1782 sutitropus,
564 1707 702 1780 minutus,
739 1709 975 1787 cotyledont'dus,
992 1708 1100 1769 dumus
1125 1710 1312 1783 brevissimis,

213 1789 394 1862 divaricatis,
416 1792 555 1850 rediculo
573 1791 676 1852 inlesa.

515 1895 567 1963 ·
675 1967 848 2016 densas.

186 2053 193 2070 “
261 2067 336 2114 sarr.
355 2063 644 2120 necyomnnsmru.
968 2060 1188 2106 cemos-ramo.

404 2123 499 2169 Tuielln
509 2125 570 2168 lincis
580 2131 605 2170 et
613 2127 673 2170 Pau.
969 2127 1092 2186 cryptae.
1101 2130 1202 2174 flamm,

261 2188 335 2232 1818.
353 2187 480 2233 Ascanius
489 2183 576 2230 Feret.
969 2197 1100 2253 Peperidie
1109 2197 1184 2241 tecto.

263 2255 338 2302 ldlll.
356 2255 522 2302 chloraotbus
531 2251 642 2299 Stodm-
969 2264 1072 2322 Str-opha
1080 2265 1185 2310 Neronis.

406 2312 505 2368 Nigrina
517 2312 607 2358 Tdscttb.

291 2451 488 2512 Manibus.
524 2451 734 2508 OErtorentbaceae
746 2461 890 2517 Plueracels
908 2465 1077 2536 etusuurureis
1090 2465 1200 2521 proxime
1212 2465 1310 2528 eidnec,

208 2532 331 2586 gemmule
349 2531 469 2586 pendulo,
488 2533 620 2586 embrvcne
638 2534 740 2577 sacculo
757 2532 889 2577 amuiotico
908 2534 1036 2592 destituto,
1055 2539 1080 2578 et
1096 2535 1166 2580 sotiis
1180 2535 1310 2594 oppositis,

206 2598 307 2654 netiotis
323 2598 380 2643 basi
393 2599 420 2643 in
431 2599 548 2654 vaginem
563 2600 733 2654 btstiouiatnm
743 2599 841 2646 coelitis
850 2601 948 2656 egregie
959 2602 1098 2648 distinctae.
1133 2603 1264 2650 obscurior
1273 2606 1313 2650 est

207 2677 263 2712 oum
270 2667 462 2726 borentnaoets,
481 2669 639 2722 quemlibit.
649 2671 741 2714 erowu
751 2669 858 2728 indicat,
875 2671 1043 2716 necessitudo.

292 2761 551 2832 Geomphlts·
595 2769 659 2816 ordo
676 2780 742 2816 mere
760 2770 877 2825 tropicus.
917 2771 1062 2818 cintorentbi
1079 2771 1104 2818 iu
1121 2771 1186 2820 Asia
1205 2771 1310 2831 fervida,

207 2837 328 2893 imprimis
338 2837 444 2882 insulari
453 2841 610 2892 generantur.
645 2839 773 2884 Ascarine
785 2839 883 2886 insutos
892 2840 1024 2887 societatis
1037 2841 1168 2889 inhabitet.
1199 2843 1313 2897 nedyos·

205 2905 654 2952 muminAmericeoatidanuscttur.

290 2999 512 3066 tbunlttutes
530 3010 555 3054 et
570 3015 674 3058 usus·
709 3009 920 3058 entomnmaeess
936 2996 1098 3072 eromettcse,
1121 3011 1186 3060 inter
1202 3013 1310 3060 remedie

106 3101 109 3107 ,
205 3077 303 3134 egregie
320 3077 458 3124 excitantia
475 3078 651 3124 numerandae.
687 3074 846 3122 Clslorontlu'
863 3075 1007 3140 officinalis
1023 3082 1104 3129 iilum,
1123 3079 1213 3138 (vulgo
1231 3083 1310 3128 Kras-

206 3145 320 3203 culsne),
336 3146 361 3191 in
375 3146 457 3200 sylvis
472 3145 580 3192 humidis
593 3145 694 3192 insulae
703 3147 784 3193 tavae
797 3149 936 3204 nascentis,
955 3153 1039 3203 cartes
1049 3149 1167 3195 contritae
1176 3150 1310 3196 aromatico

205 3215 278 3259 odore
292 3213 416 3272 fragrant,
432 3213 568 3260 slcoetione
582 3213 676 3260 sensim
686 3221 858 3264 evanescente.
884 3216 1170 3278 Radixedbrisiongis,
1184 3219 1310 3282 tenuibus,

204 3282 297 3339 tuscis,
316 3293 416 3328 sursum
430 3282 456 3330 ln
470 3293 564 3328 comem
577 3283 675 3330 coelitis
689 3288 804 3330 contextu
817 3284 890 3329 odore
907 3285 1009 3330 excellit
1028 3285 1226 3341 fragrantissimo
1243 3298 1311 3332 cam-
1333 3341 1334 3344 Ἴ

203 3353 305 3405 roborato
322 3357 347 3396 et
365 3361 455 3405 sarsore
471 3352 605 3397 aromatico
623 3355 767 3412 subamaro,
786 3351 835 3398 cito
853 3352 950 3398 siccate
963 3357 987 3398 et
1000 3354 1132 3410 ditigenter
1144 3360 1246 3400 servate
1258 3354 1310 3400 vir-

204 3423 279 3464 tutem
293 3417 380 3474 perdiu
395 3419 495 3476 retinet,
513 3423 544 3465 ab
560 3415 752 3464 Aristolochiae
765 3420 944 3478 serpentarius
952 3423 981 3467 L.
996 3423 1123 3468 radicibus
1136 3433 1210 3482 aegre
1220 3423 1309 3482 distin·
1365 3433 1378 3442 ·

202 3487 308 3541 guenta.
343 3489 483 3532 salutarem
496 3487 601 3545 radicis,
621 3489 687 3541 eund
696 3487 844 3533 monticolae
853 3489 932 3533 Javae
942 3491 1063 3535 adversus
1073 3501 1201 3550 spasmos,
1220 3493 1310 3544 quibus

203 3553 370 3610 mantuelentcs
380 3557 513 3611 tententur,
527 3559 551 3599 et
561 3555 586 3600 tn
596 3555 712 3610 malignis
721 3556 957 3602 turenrummartmts
967 3557 1008 3603 diu
1019 3571 1074 3604 cum
1083 3559 1157 3604 laude
1165 3565 1309 3617 usuroetne,

203 3621 278 3667 etiem
292 3622 319 3666 tn
332 3624 443 3668 curanda
456 3622 520 3668 febri
533 3623 709 3670 intermittente
722 3625 845 3682 maligne,
864 3634 980 3679 ouaann.
992 3627 1055 3671 182⁴
1068 3627 1169 3683 triginta
1178 3627 1316 3680 indigenam

203 3701 257 3734 rum
270 3691 350 3736 Jovee
363 3690 443 3740 mittis
456 3690 531 3736 simul
545 3691 649 3744 correpti
664 3693 842 3754 decubuerunt,
857 3696 879 3737 et
890 3693 915 3737 in
926 3697 1013 3752 tynuo,
1029 3697 1070 3749 oui
1080 3705 1138 3740 enn.
1149 3697 1213 3740 182⁵
1225 3698 1309 3748 otures

203 3755 314 3804 fervidae
332 3758 432 3804 insutas
449 3759 593 3813 provincias
611 3761 818 3818 depoputabatur,
838 3761 974 3807 efficaciam
993 3769 1110 3818 expertus
1124 3769 1163 3810 est
1177 3763 1310 3810 celeberri-

202 3836 258 3872 mus
276 3827 374 3884 Btume,
392 3827 432 3872 vir
448 3839 496 3872 non
515 3827 597 3873 minus
614 3829 644 3874 de
661 3829 774 3874 scientiis
787 3831 945 3876 naturatibus
959 3841 1031 3884 quem
1046 3834 1076 3876 de
1089 3844 1115 3878 re
1128 3833 1223 3878 medice
1235 3835 1310 3886 longe

201 3895 384 3940 meritissimus.
419 3896 494 3941 Atiae
511 3896 609 3950 species
627 3899 657 3941 ob
675 3902 771 3952 gratem
789 3897 951 3954 fragrantiam
969 3900 1066 3945 asinis
1080 3905 1104 3944 et
1117 3900 1255 3954 lenonibus
1268 3911 1310 3945 eo-
1404 3935 1410 3957 ,

200 3965 294 4010 lentur.
330 3959 474 4008 ⁴droctrinae
484 3961 674 4022 pometachyue
686 3966 766 4012 i'orst.
785 3965 959 4022 [Taitcnsibus
972 3971 1047 4023 vulgo
1060 3968 1203 4024 Resainan]
1218 3967 1308 4013 rumuli

203 4032 358 4078 eForsterls
376 4033 497 4078 exsiccati
515 4043 628 4088 sanorem
646 4033 767 4079 fervidum
785 4034 811 4079 in
829 4035 950 4081 berberiis
968 4037 1107 4080 adhucdum
1124 4037 1237 4082 retinent.
1271 4037 1310 4082 De

200 4111 249 4146 usu
267 4101 331 4147 nibit
348 4107 452 4146 constat.
487 4097 630 4158 Hedyosmr'
645 4101 757 4162 speeies,
775 4103 802 4148 in
820 4103 936 4150 Amerina
952 4105 1046 4159 tropice
1063 4111 1209 4162 nascentes,
1235 4105 1309 4150 odore

201 4171 336 4216 aromatico
350 4175 373 4216 et
387 4181 477 4225 sapore
489 4169 585 4216 fervido
598 4181 655 4228 cum,
668 4171 825 4217 chiorentbis
838 4171 997 4218 conveniunt.
1032 4173 1133 4218 Remuli
1145 4177 1168 4218 et
1183 4168 1307 4218 lolialle-

201 4232 301 4294 dyvous
311 4237 431 4284 nutantia
445 4240 496 4284 siv.
511 4245 534 4283 et
549 4235 691 4296 Hedyosmn'
703 4238 893 4284 orborseoentis
907 4243 960 4286 sw.
979 4241 1045 4296 opud
1058 4241 1231 4286 Jemaicenses
1244 4239 1309 4285 inter

201 4306 311 4352 remedia
322 4309 453 4364 noputnria
465 4309 587 4354 adversus
600 4318 714 4366 spasmos
728 4311 752 4354 et
766 4307 797 4354 nd
812 4308 982 4368 corrigendam
992 4307 1153 4366 digestionem
1161 4307 1307 4365 languidam
1349 4337 1356 4348 ·

202 4375 330 4421 habentur.
