2988 5040
657 345 869 454 lut...

295 549 558 623 Goompltiu·
591 557 732 620 nipsueeqe
748 557 776 606 in
793 557 936 616 maenibus
953 557 1097 615 temperatis
1113 563 1139 606 et
1151 559 1318 612 euttdiorlitul

210 629 385 684 extratroplcis
401 630 495 676 veteris
511 628 594 687 oram,
611 639 657 674 neo
675 639 724 674 non
741 627 769 674 in
781 629 882 684 regione
894 628 997 684 cspeosl
1010 628 1158 690 munior,
1177 629 1205 677 in
1217 631 1318 688 regmae

208 697 401 757 mediterranea,
420 697 541 752 imprimis
555 697 680 757 orientali,
699 696 853 758 frequentias
866 697 962 743 odviae.
985 697 1097 744 morinos
1110 709 1202 755 genus,
1218 699 1318 746 laborc-

209 766 307 813 soentto
319 768 472 826 anomalum,
491 777 508 812 a
516 767 643 813 Parnasso
656 777 701 824 per
709 765 809 824 syriam
820 770 844 812 et
852 765 981 814 Persidem
993 765 1259 814 inindiamttoraalem
1268 767 1318 816 dli·

209 833 350 883 insonent.

296 911 517 978 Quantam
531 923 556 966 et
567 925 671 970 matt!-
705 918 813 968 Virtutis
823 930 872 966 non
880 921 1038 976 magoaldus
1048 923 1094 967 est.
1117 921 1200 968 neria
1209 927 1234 968 et
1243 921 1319 970 radix

209 987 372 1046 plurimarum
385 989 573 1036 amaru-dolata
586 989 806 1048 sooedrtrlngens,
822 989 850 1036 ln
863 989 943 1036 variis
951 989 1044 1035 moritis
1052 991 1235 1049 commendam
1253 1003 1318 1040 usus

209 1059 332 1104 adversus
344 1057 454 1104 scabiem
466 1057 642 1105 scabiosarum
655 1059 724 1116 genti
737 1061 913 1114 polymorphac
925 1067 1013 1104 nomeu
1028 1058 1104 1104 dedit.
1139 1054 1261 1124 Knautio
1271 1071 1318 1106 ur·

210 1126 295 1171 asneis
308 1126 388 1171 cauit.
407 1121 505 1180 (Herba
521 1125 657 1174 scabiosam
675 1126 754 1186 otio,
773 1123 947 1182 Grtndirraut.)
965 1130 990 1172 et
1008 1122 1131 1171 Scabiosa
1150 1125 1319 1174 Columbaria

209 1193 283 1241 Lina.
302 1191 401 1248 (Herba
418 1195 554 1241 Scabiosao
572 1195 674 1242 minoris
692 1195 776 1252 otio.)
795 1195 837 1250 diu
856 1207 887 1242 ex
905 1193 1012 1241 olicinis
1027 1197 1141 1250 reiectae.
1178 1193 1319 1242 scabiosos

211 1259 334 1307 &celsae
347 1262 420 1308 Lino.
430 1259 566 1317 (succisso
580 1273 606 1309 ν.
616 1267 718 1310 litoreus
732 1264 823 1320 diaboti
833 1263 914 1319 olla,
928 1263 1162 1320 Tentata-Attilae]
1177 1267 1251 1311 radix
1263 1277 1318 1313 ms-

210 1331 272 1378 teria
284 1330 390 1378 monins
402 1332 501 1388 mula,
518 1333 687 1378 vcnmeutlus
701 1331 842 1387 adstringit.
876 1327 1007 1389 &procur
1021 1332 1047 1380 in
1061 1333 1130 1388 agris
1143 1333 1247 1392 seritur,
1266 1335 1318 1381 tul·

209 1400 310 1446 ionibus
323 1400 407 1460 utilis,
424 1411 483 1448 uam
492 1399 628 1456 capitutum
637 1401 799 1454 cyssndricum
808 1401 888 1456 pateis
897 1401 986 1456 rigidis
995 1402 1107 1448 recurvis
1116 1401 1241 1450 irorrldum
1250 1402 1319 1450 oau-
1414 1448 1421 1457 ,

209 1471 529 1530 t'amaoopnlampraebet,
547 1469 876 1524 verrendispaunlsaptum.
906 1463 1036 1528 Δι’ψακσς,
1054 1470 1210 1530 sitibundus,
1227 1482 1318 1518 nomen

210 1545 226 1582 a
237 1535 360 1582 contrario
369 1535 470 1582 sortitus
481 1539 532 1594 est,
551 1537 667 1591 quonlam
676 1539 780 1583 collecta
789 1537 853 1583 roris
863 1541 885 1583 et
895 1537 998 1594 planiae
1006 1548 1072 1598 aqua
1081 1539 1106 1584 in
1116 1539 1236 1598 cucullis,
1255 1551 1318 1594 quos

211 1603 273 1650 tetta
286 1604 354 1650 eires
365 1607 462 1651 cautem
476 1604 594 1665 formant,
613 1605 681 1651 sitim
694 1603 794 1661 adigere
807 1606 912 1652 videtur.
942 1605 1008 1652 ilinc
1022 1606 1202 1654 attentaturum
1211 1611 1318 1654 etlaas·

210 1683 281 1718 erum
293 1676 318 1720 et
330 1676 426 1720 maela
438 1673 545 1720 veneria
561 1677 713 1732 opponatur,
731 1675 851 1728 liquorem
866 1685 927 1722 vero
941 1674 1013 1722 iilum
1030 1677 1062 1722 ad
1077 1679 1223 1733 ,mitulorum
1239 1675 1317 1732 lippi·-

211 1735 345 1788 todinem“
357 1741 505 1788 medicatum
520 1743 616 1798 putauit
625 1744 856 1790 eredniavetuatas.
887 1744 971 1790 idadix
978 1739 1090 1800 Dr'paoea'
1098 1739 1317 1793 Fullouuutllou.

211 1807 316 1869 (ilaue,
333 1810 429 1870 ilarde;
445 1811 531 1860 Radix
547 1811 653 1868 illusaei
675 1823 700 1856 v.
718 1812 808 1858 cardui
826 1811 1033 1868 Veientanae.)
1051 1811 1110 1858 oiim
1128 1813 1193 1860 inter
1209 1813 1318 1859 romadla

211 1877 380 1934 dtaptroretica
392 1883 417 1924 et
429 1879 551 1925 diuratioa
564 1879 590 1925 in
604 1878 713 1926 otleinis
725 1885 839 1941 serrata,
857 1879 930 1930 dores
943 1886 967 1928 et
979 1879 1077 1930 semina
1089 1881 1213 1932 adversus
1222 1883 1317 1930 rabiem

210 1946 623 1996 caninumcomutendatutuerunt.

498 2111 606 2170 (ludo
621 2111 727 2170 (lxx.
771 2109 1028 2184 oomposttae.

298 2247 417 2312 Herbue
439 2249 641 2329 utplurimum
664 2270 822 2331 perennes,
849 2248 991 2312 interdum
1012 2250 1197 2334 saffrud'oea,
1224 2255 1317 2316 maios

214 2333 351 2406 arbores,
380 2335 464 2396 caule
482 2339 626 2415 ramisque
644 2337 784 2398 teretibus
800 2355 829 2400 v.
848 2335 990 2408 interdum
1008 2340 1210 2418 irregulariter
1227 2359 1317 2420 augo-

213 2420 293 2493 lutis,
319 2421 427 2480 foliatis
452 2441 480 2482 v.
502 2419 735 2501 trepidantibus,
762 2443 851 2484 succo
877 2443 971 2504 aqueo
998 2425 1058 2485 sive
1082 2425 1186 2486 lacteo.
1230 2427 1318 2486 Folio

213 2505 325 2566 alterna
343 2525 371 2565 v.
391 2508 539 2586 opposita,
557 2506 700 2568 interdura
718 2509 804 2570 etiam
822 2511 1009 2582 verticillata,
1026 2511 1182 2590 simplicia,
1201 2511 1318 2589 integra

213 2586 497 2666 nonantiscurte,
525 2595 553 2652 io
572 2591 738 2672 quibusdam
756 2613 826 2654 vore
848 2596 1021 2674 composita,
1049 2593 1235 2674 asstipulante,
1264 2613 1318 2674 pe-

214 2677 292 2738 tiolis
314 2676 455 2738 interdum
479 2680 616 2738 auriculis
636 2679 820 2758 stipularibos
843 2682 968 2743 munitis.
1013 2681 1119 2742 Floras
1141 2680 1266 2758 perlecti
1284 2699 1314 2740 v.

213 2761 317 2823 aborto
340 2763 502 2842 imperfecti
524 2783 552 2822 v.
575 2765 659 2844 plane
682 2765 810 2837 steriles,
837 2766 865 2824 io
890 2765 1042 2844 capitulum
1063 2785 1092 2828 v.
1114 2765 1315 2844 glomeratium,

214 2847 364 2908 involucro
386 2850 467 2908 uario
491 2849 615 2909 cinctum
638 2850 769 2922 collecti,
797 2853 824 2909 in
847 2849 1031 2929 receptaculo
1055 2870 1106 2910 seu
1129 2854 1198 2910 rami
1221 2853 1318 2931 apice,

214 2931 300 3012 plano
327 2953 354 2993 v.
382 2935 485 2994 conice
512 2945 562 2994 aut
586 2935 723 3014 elongato
750 2936 852 3005 locati,
888 2936 1050 2996 exteriores
1077 2955 1129 2995 seu
1161 2937 1317 2998 inferiores

214 3019 434 3098 praeconiosus,
470 3021 624 3081 interiores
650 3020 754 3080 sensim
782 3020 901 3080 evoluti.
958 3022 1091 3100 Capituli
1116 3023 1209 3096 (lieris
1238 3041 1318 3082 eoro-

215 3104 314 3183 positi)
339 3105 427 3164 liores
449 3123 523 3164 onoc
546 3121 645 3166 onnes
667 3103 890 3184 her-aphroditi
914 3107 1113 3184 (lomogami)
1137 3127 1212 3168 nunc
1235 3117 1319 3168 cate·

215 3189 310 3250 riores
340 3189 503 3269 pistilligeri
529 3211 581 3251 seu
608 3191 722 3252 steriles
747 3191 916 3265 interiores,
942 3193 1066 3272 perlecti
1089 3213 1116 3252 ν.
1138 3193 1318 3273 stamioigeri

218 3277 452 3354 (lctcrogotat'),
486 3277 515 3335 in
545 3275 610 3338 aliis
641 3296 741 3337 omues
773 3277 891 3337 corollis
918 3277 1057 3338 tubuloais
1085 3280 1260 3364 (dubeoe'dea‘e
1284 3299 1315 3340 v.

206 3361 397 3443 flosculosta)
427 3379 454 3421 a.
477 3381 576 3422 omnes
599 3363 717 3422 corollis
739 3363 865 3442 lignlatis
889 3365 1156 3444 (omfflosealost's)
1184 3361 1317 3443 praebiti,

216 3448 246 3505 io
264 3447 327 3505 aliis
343 3445 474 3507 corollae
491 3448 627 3526 marginis
646 3449 759 3524 (rodii)
780 3450 929 3527 ligetemo,
949 3448 1093 3509 cantuales
1108 3451 1215 3526 (deaei)
1235 3449 1319 3508 tohu·

216 3531 316 3606 toste,
345 3531 375 3592 in
402 3532 464 3593 allis
491 3551 590 3592 omnes
612 3532 765 3592 biiabiotae
789 3531 1094 3612 (sobo-dobooideoe)
1122 3535 1318 3595 accumules

216 3615 387 3690 bitatione,
422 3617 596 3696 marginales
623 3617 759 3704 ligula&
787 3616 1057 3697 (rodt'otoformes)‚
1093 3619 1123 3680 in
1151 3617 1318 3699 quibusdam

217 3721 318 3764 omues
335 3703 484 3764 tubulosae
501 3721 530 3764 v.
547 3703 715 3776 bilabiatae,
739 3705 862 3764 extimae
880 3713 974 3764 mmen
992 3703 1132 3782 majoros,
1158 3706 1319 3784 capitulum

217 3797 391 3850 euronotum
422 3789 587 3850 formantes.
642 3791 795 3852 laoolucrt'
823 3789 949 3870 (aalydis
979 3789 1153 3872 eommunis)
1184 3809 1318 3870 squamae

218 3874 332 3953 piures,
354 3873 647 3954 oni-pluriseriatae,
668 3873 821 3935 distinctae
838 3893 871 3935 v..
888 3871 1030 3936 iolerdum
1047 3875 1187 3949 coalitae,
1210 3878 1318 3948 siccae,

217 3962 366 4020 spumosae
383 3979 411 4020 v.
430 3961 524 4020 carim
542 3961 699 4033 ioliaeeae,
722 3955 865 4020 interdum
881 3961 1030 4040 spinosae,
1051 3979 1139 4042 aaspe
1157 3961 1318 4042 appendice

217 4041 339 4118 soemo,
365 4045 496 4106 earmina
517 4043 684 4124 aequalibus
705 4065 735 4106 u.
757 4061 844 4125 saepe
866 4047 1074 4127 inaequalibus.
1118 4048 1319 4108 Glosterulie

218 4130 353 4209 capitulis
379 4131 520 4211 pluribus,
546 4131 797 4211 uni-pauciloris,
831 4133 986 4193 involueris
1011 4134 1134 4214 propriis
1160 4133 1318 4204 instructio,
1402 4179 1406 4186 .

217 4211 309 4276 deuse
328 4217 495 4297 aggregatis
513 4225 544 4277 et
560 4215 710 4278 involucro
729 4217 860 4299 generali
878 4219 980 4278 cinctis
998 4219 1164 4299 compositi,
1187 4217 1319 4298 capitulis

218 4299 396 4364 casualibus
413 4321 500 4384 saepo
517 4304 769 4384 praecocioribus,
788 4303 982 4367 exterioribus
998 4304 1092 4366 serius
1110 4313 1142 4366 et
1156 4302 1319 4365 inordinate

218 4387 400 4450 florentibus.
441 4390 668 4471 lleeeptaeuluet
684 4389 714 4452 ia
732 4391 796 4452 aliis
812 4394 896 4473 spico
914 4399 1078 4464 oontnou,
1104 4391 1232 4452 meatem
1249 4395 1321 4472 (pa-
