2982 5042
718 347 868 456 sii..

211 579 244 616 ex
253 565 414 614 aelatemodo
423 561 543 623 pendere,
560 558 802 608 mecudiversitats
814 560 865 606 ioci
877 557 972 606 natalis
984 557 1148 616 derivamus,
1166 556 1225 606 intio
1241 565 1319 618 putet,

211 629 956 692 casanistaeaacpeineotiemlasciuuiotiepreirendantnr.
988 627 1094 682 masin
1107 629 1320 684 pasrmacopoiiis

210 705 307 762 passim
320 706 415 758 prostat
427 695 613 760 fpoenouunds
619 695 705 760 fuson
716 707 742 744 e.
755 695 833 755 nigro
846 695 1033 752 (ipecaeuaaire
1046 694 1126 750 bmn)
1139 701 1239 742 eamr
1251 697 1320 742 ml.

209 773 282 820 cibus
292 770 470 829 adultioribus,
488 770 574 822 pauiio
582 765 762 824 crassioribus,
781 765 887 812 subinde
899 765 1042 824 evidentius
1052 765 1186 810 nodulosls
1196 769 1223 810 et
1236 775 1320 812 annu·

208 841 284 899 latis,
303 836 596 894 epldenuitiespissiore,
614 833 824 881 amerino-lases
831 845 857 879 v.
865 833 1005 889 annuente
1014 833 1099 890 tectis,
1116 833 1320 882 oonimdsriore

209 913 238 955 sl
251 907 333 964 mspis
351 907 473 953 resinosa
508 899 693 962 fpaeoesaaltu
707 901 912 961 praesumam
925 900 1112 957 (ipecacuauire
1129 901 1282 958 sris-rouge
1294 913 1319 950 a.

209 978 278 1034 gris)
291 975 400 1022 radicem
413 973 481 1020 sistit
497 973 634 1028 iuniorem,
651 971 803 1028 spidermitie
820 972 943 1029 tenuiore,
962 971 1101 1016 mbucdum
1119 969 1278 1016 insolescente
1294 975 1321 1018 el

209 1044 386 1099 subpeiiuoitia
401 1043 545 1100 obductum,
563 1039 686 1088 interdum
701 1039 930 1096 mindensium,
948 1038 1051 1084 coracis
1064 1047 1183 1094 compage
1195 1039 1318 1100 molliore,

208 1111 395 1167 subfarinaueo,
409 1111 493 1156 minus
502 1109 782 1163 malbosc-splendente
792 1107 923 1164 insignem.
943 1101 1124 1164 cepbal'ftdnm
1134 1107 1202 1152 ailae
1210 1107 1320 1168 species,

210 1175 349 1238 depisitio
357 1177 471 1236 punicea
479 1179 552 1225 Vaiui.
566 1183 591 1224 ei
605 1172 740 1234 Cepnaf'ft'a
753 1185 872 1222 nouacula
885 1177 1007 1232 swarln„
1025 1175 1051 1222 in
1066 1175 1162 1221 antillis
1175 1174 1319 1234 indigenae,

208 1248 320 1296 sulcem
337 1247 466 1294 emelicam
483 1245 600 1300 inquilini
618 1255 680 1290 usus
697 1244 846 1299 largiuntur.
891 1240 1064 1300 Pspcbotrfse
1078 1245 1163 1297 plnres
1180 1243 1221 1289 iris
1234 1232 1319 1298 uuuii‘-
1403 1275 1410 1280 -

182 1339 188 1356 ι
208 1321 261 1364 lale
274 1316 483 1372 aequiparandae.
518 1311 657 1358 Roaoebeue
670 1311 885 1370 cuncticreantem,
904 1313 935 1358 ad
949 1311 1049 1357 turrium
1060 1312 1226 1367 magdalenae
1234 1313 1319 1358 Novo·

207 1385 401 1432 Granaieusium
419 1381 568 1442 crescentis,
592 1381 665 1427 radix
683 1377 881 1438 fpecucnunlma
893 1379 1056 1437 perscissus
1073 1391 1094 1426 a.
1112 1379 1228 1424 amalae
1245 1381 1319 1426 lituia

207 1463 303 1508 mnus
315 1454 438 1508 quondam
450 1449 523 1506 copia
536 1451 677 1506 nuinburgo
690 1460 735 1504 per
747 1449 905 1495 Germaniam
922 1447 1052 1503 divolgata
1065 1453 1115 1507 est,
1137 1447 1165 1493 vi
1184 1451 1236 1493 tute
1249 1457 1318 1494 emo-

208 1519 261 1568 lica
274 1521 405 1578 mediocri,
423 1529 469 1564 nee
482 1517 508 1564 in
522 1517 580 1573 ipsa
590 1517 675 1572 patria
687 1517 829 1572 frequenter
841 1515 969 1563 ametiicis
978 1517 1116 1562 adhibetur.
1151 1517 1220 1570 Quae
1229 1516 1318 1562 aBra·

207 1587 357 1636 aliienelbus
373 1589 438 1634 inter
454 1590 590 1642 pbarmaea
601 1588 790 1640 ipecaesannae
803 1587 919 1631 virtutem
933 1585 1099 1642 aemuianiia,
1118 1580 1319 1640 ipsomsaiu

207 1653 285 1700 sibae
297 1667 322 1702 v.
332 1653 485 1713 campestria
494 1653 683 1710 (ipeeacuanira
692 1657 815 1700 brancas.
825 1655 855 1698 do
865 1653 974 1708 campo)
987 1653 1086 1698 nomine
1098 1651 1317 1712 circumferamus

206 1723 255 1770 iiia
268 1725 295 1770 in
309 1729 439 1782 duantum,
457 1723 544 1769 missis
557 1721 689 1778 eoipgaiis
701 1721 833 1780 edificiis,
851 1733 866 1766 e
880 1722 1062 1768 ilubfaeearum
1075 1731 1177 1766 numero
1191 1726 1264 1781 sunl,
1282 1721 1317 1767 ad

207 1791 402 1848 spermacoceaa
411 1791 558 1838 referuntur.
593 1793 715 1838 interiise
724 1787 932 1834 melarsoontae
944 1790 1042 1843 genem
1055 1789 1167 1845 species,
1186 1785 1318 1833 iiiam

207 1861 284 1906 anaia
292 1858 389 1905 scodra
398 1861 433 1905 sl.
443 1859 494 1906 iiii.
503 1856 692 1913 (ipecscunnna
701 1861 760 1904 alba
771 1869 798 1904 v.
807 1861 940 1912 amyiaoea
952 1869 973 1903 s.
988 1855 1138 1916 undulata),
1157 1853 1317 1916 ιιιιιιινιιυ-

206 1928 254 1973 tn'n
274 1927 487 1986 rosenensis,
513 1923 708 1972 nrebnrdrosto
723 1926 833 1970 emerico
844 1929 923 1986 itiarl,
950 1923 1081 1970 amores
1091 1924 1252 1987 satrapam
1264 1925 1316 1974 mil.

207 1994 376 2043 alliot-reoda
390 1994 544 2053 Poupuilc.
562 1995 684 2051 imprimis
701 1997 844 2042 laudantur.
878 1995 1009 2040 Borrenae
1022 1997 1108 2048 piures
1121 2004 1138 2039 s
1151 1993 1270 2053 Nigritis,
1288 1994 1317 2041 in
1397 2039 1403 2050 ,

205 2065 326 2178 amerius
343 2065 446 2112 servitiu
463 2064 627 2122 muncipalis,
650 2065 715 2110 inies
731 2066 915 2120 praesentanea
931 2065 1099 2120 gononboeae
1115 2063 1227 2110 remedia
1241 2073 1317 2119 pras·

236 2139 334 2181 cantur.

210 2293 212 2298 Ι
293 2229 451 2278 cnlocoeeue
460 2232 629 2290 amaricanae,
640 2231 817 2290 cepnaeiidum
827 2231 993 2292 contribules,
1004 2231 1111 2282 eradice
1119 2237 1270 2290 nascuntur,
1283 2235 1315 2280 ob

206 2304 343 2360 salsiorem
352 2305 476 2360 effectum,
495 2314 566 2358 quem
574 2302 600 2347 in
611 2301 732 2348 bominem
743 2303 866 2358 serpentis
875 2308 998 2349 venenato
1006 2301 1056 2348 ictu
1066 2312 1179 2360 aegrum,
1197 2301 1316 2348 vomitum

204 2371 328 2427 imprimis
337 2372 433 2429 ciendo,
443 2371 562 2428 exserint,
571 2373 617 2415 iroc
626 2373 680 2416 ioco
688 2370 924 2417 commemorandae.
944 2365 1066 2414 ιιιιιιιιιηι
1073 2367 1194 2414 Cainnas
1202 2381 1226 2414 v.
1236 2367 1315 2414 Cain·

205 2452 240 2484 ca
253 2451 345 2486 vocare
357 2439 467 2486 solemus
482 2439 580 2486 radices
592 2435 749 2483 Cfn‘oeoccoe
758 2437 1009 2498 angur'fngaeiliart.,
1027 2439 1120 2494 virgati
1130 2436 1229 2484 fruticis
1239 2436 1316 2494 (Cipo

204 2519 274 2568 erun,
284 2508 431 2566 i'edorenta,
440 2510 556 2562 Danrbre,
570 2507 633 2554 ilafe
643 2509 673 2552 de
683 2506 767 2563 frede]
777 2513 801 2553 et
812 2504 969 2551 Cfn'ococcue
978 2503 1132 2567 denrffofr‘ne
1141 2509 1214 2552 biart.
1225 2509 1315 2552 arbus-

203 2579 279 2623 culae
289 2574 367 2630 (nais
377 2575 475 2633 prela),
495 2576 560 2630 apud
571 2576 739 2622 BrasiIienses
747 2575 774 2622 in
784 2575 865 2630 sylvis
875 2575 1010 2630 primaevis
1019 2575 1173 2631 degentium,
1191 2577 1315 2620 vocabulo

204 2644 360 2700 eserpenlis
378 2645 508 2698 cuiusdam
526 2643 655 2700 venenati,
674 2644 828 2706 Cafnana-s.
843 2644 975 2690 Carrinana
990 2641 1062 2706 dicti,
1080 2643 1179 2688 nomine
1193 2648 1314 2690 mulnato.

205 2711 338 2772 violentae
356 2712 507 2768 medicinae,
526 2713 557 2756 ab
576 2712 668 2756 incolis
685 2713 875 2758 antocntonibus
894 2717 981 2756 eontra
997 2716 1138 2766 serpentum
1151 2723 1249 2758 morsus
1264 2711 1316 2758 fre-

202 2785 308 2834 quanter
321 2779 459 2836 adhibitae,
477 2779 589 2824 effectum
603 2779 711 2826 iiiartius
726 2780 796 2825 vidit.
832 2779 952 2826 corticem
966 2779 1059 2825 radicis
1074 2778 1180 2826 recentis
1198 2779 1314 2826 derasum

202 2847 288 2894 infuso
305 2847 418 2902 pauxillo
436 2858 516 2900 aquae
534 2847 579 2892 leri
597 2851 621 2892 el
633 2847 713 2906 quati,
733 2850 810 2893 donec
821 2847 945 2894 saeculam
959 2854 1090 2902 partesque
1104 2859 1189 2893 omnes
1201 2848 1227 2893 in
1242 2858 1311 2902 anua

202 2915 326 2964 solubiles
340 2915 472 2972 dimiserit,
490 2925 628 2968 aquamque
637 2914 695 2961 inde
704 2919 826 2961 obtentam
837 2918 910 2961 vaide
920 2918 1085 2962 turbulentam
1096 2920 1119 2960 et
1129 2917 1228 2970 saporis
1240 2915 1316 2962 vaide

202 2981 397 3040 ingraiImsgna
406 2981 579 3040 copiaitcmini
588 2983 675 3028 sancio
685 2983 777 3044 ingeri,
797 2984 877 3030 tradit.
910 2986 1046 3040 Aegrorum
1055 2995 1150 3030 veneno
1159 2985 1315 3045 languidum,

203 3063 362 3112 saporosum,
388 3051 434 3096 vix
450 3052 490 3096 eni
509 3055 656 3108 compotem,
679 3063 737 3097 mox
753 3052 948 3098 eructationibus
967 3051 1123 3098 creberrimis
1140 3056 1165 3098 el
1182 3057 1232 3098 iarn
1251 3052 1314 3099 diris

202 3121 310 3167 motibus
325 3120 483 3166 convuisfris
496 3119 636 3165 excruciari
651 3119 737 3178 refert,
757 3125 795 3178 ul,
814 3121 873 3167 iicet
886 3121 1024 3176 exsanguis
1042 3126 1065 3166 el
1083 3119 1156 3174 qussi
1174 3132 1231 3166 cnm
1249 3120 1315 3168 facie

202 3189 384 3250 hippocratica,
402 3191 449 3234 snb
467 3199 565 3234 summa
582 3189 671 3234 sirium
690 3189 868 3250 prostratione,
886 3188 1001 3234 ietirifero
1014 3188 1064 3234 ictu
1079 3189 1228 3247 corruissel,
1247 3201 1314 3238 nnita

202 3269 250 3304 nec
266 3269 312 3312 per
328 3258 429 3303 unicum
448 3257 545 3314 quidem
563 3257 679 3312 lemporls
692 3264 840 3302 momentum
854 3257 952 3312 quietus
966 3267 1066 3302 manere
1080 3256 1167 3311 possit.
1202 3259 1313 3304 Tandem

200 3329 259 3380 post
273 3325 394 3380 plurimos
407 3329 432 3370 cl
449 3325 506 3371 visu
525 3325 647 3371 terribiles
666 3337 781 3379 spasmos
800 3331 824 3372 et
842 3324 953 3371 universi
971 3325 1081 3379 corporis
1098 3326 1266 3371 volutationes
1285 3325 1313 3372 fn
1366 3384 1371 3390 .

203 3405 317 3440 enormes
335 3394 431 3448 rapitur
444 3393 564 3454 vomiins,
583 3393 674 3448 qulbus
687 3393 807 3450 saiivam,
826 3395 913 3452 bilem,
933 3395 1059 3451 chymum,
1078 3391 1127 3437 imo
1141 3391 1226 3438 faeces
1239 3397 1313 3448 larga

202 3460 277 3514 copia
293 3461 379 3514 egerit.
427 3463 568 3507 succedunt
585 3461 732 3506 subitaneae
750 3462 803 3507 aivi
821 3460 998 3508 evacuationes
1019 3461 1118 3506 faecnrn
1141 3461 1214 3516 qnasi
1237 3473 1313 3508 succo

202 3528 489 3585 viscidoinvoiutarum,
508 3539 583 3587 unae,
601 3529 625 3574 si
635 3528 751 3575 continua
760 3529 907 3584 peraiiqnul
921 3527 1039 3584 temporis
1052 3529 1160 3584 spatium
1176 3529 1242 3576 serie
1254 3541 1313 3576 sese

202 3595 343 3652 excipiunt,
362 3607 418 3642 cum
435 3596 533 3642 visibili
550 3595 774 3657 aegriisvamine,
793 3597 871 3644 fausti
887 3597 972 3644 exitum
989 3596 1084 3642 indicia
1100 3600 1235 3655 habentur,
1254 3609 1313 3644 nam

202 3663 388 3711 ucrelionibua
402 3664 460 3712 istis
472 3665 576 3710 sudores
589 3665 728 3721 largissimi
739 3665 888 3724 succedunt,
906 3677 966 3713 mox
980 3667 1097 3710 hiandum
1110 3677 1224 3712 somnum
1238 3666 1314 3711 iudd-

201 3735 295 3777 csntes.
330 3731 401 3778 omni
409 3735 457 3780 sub
467 3737 575 3786 tempore
584 3743 632 3787 uuo
640 3743 715 3790 aeger
722 3735 816 3780 vomitu
826 3739 847 3780 et
858 3733 910 3780 alui
924 3731 1132 3780 evacuationibns
1143 3734 1312 3792 excruciatur,

203 3798 343 3846 familiares
356 3799 406 3855 ipsi
420 3800 519 3847 vulneri
537 3803 641 3848 eandem
658 3803 766 3848 radicem
783 3806 914 3849 contusam
929 3803 1070 3859 adplicant,
1088 3813 1166 3856 saepe
1183 3813 1316 3848 reuomen-

202 3869 260 3914 dan
272 3873 296 3914 ei
309 3879 366 3914 cnm
380 3872 460 3916 altera
472 3869 615 3926 recentiori,
633 3870 690 3918 sive
702 3881 772 3916 mera
785 3871 840 3917 sive
857 3871 918 3917 allis
935 3870 1019 3916 berbis
1037 3875 1062 3915 et
1078 3871 1206 3916 radicibus
1222 3870 1312 3926 mitia,

201 3937 356 3983 mutandam.
390 3937 476 3984 ilosim
492 3937 586 3984 radicis
603 3937 711 3985 recentis
728 3939 802 3986 tritae
814 3951 857 3994 pro
872 3948 919 3984 neu
933 3939 1031 3984 interno
1044 3940 1148 3986 duarum
1161 3940 1194 3986 ad
1206 3943 1315 3992 posuer

201 4005 374 4051 drachmarum
391 4017 449 4052 esse
465 4007 620 4063 observavit,
643 4009 682 4053 bis
700 4013 785 4061 lortius
799 4007 880 4063 primo
898 4007 938 4052 die
956 4007 1106 4065 iterandam,
1133 4007 1185 4052 nisi
1202 4009 1313 4064 merliu,

202 4073 266 4126 cuod
280 4085 330 4122 non
343 4083 399 4120 raro
412 4073 516 4132 accidit,
534 4085 587 4121 una
604 4076 659 4122 desi
677 4075 819 4134 frangatur,
837 4082 861 4120 et
878 4085 972 4130 paucos
990 4079 1045 4131 puel
1063 4075 1118 4120 dies
1134 4075 1162 4120 in
1179 4074 1314 4120 sanitatem

202 4143 283 4188 abeat.
322 4142 447 4190 Debilllas
463 4152 574 4203 summa,
600 4150 690 4190 lremn
708 4149 818 4201 minum,
844 4143 909 4189 livor
927 4148 953 4188 et
974 4143 1122 4198 digestionis
1138 4141 1314 4190 venementius

201 4209 368 4258 labefactatae
384 4215 568 4270 phaenomena,
585 4215 689 4259 suborta
705 4221 782 4266 saepe
797 4211 1040 4269 leucopniesmaaia,
1052 4215 1084 4258 *el
1100 4214 1188 4258 sicera
1200 4211 1228 4257 in
1241 4213 1314 4266 pule

201 4277 335 4325 vulnerata
347 4280 471 4338 mnlsns,
489 4287 584 4335 quanta
596 4279 718 4327 violentia
731 4279 758 4325 in
775 4279 943 4336 organismos
961 4287 1044 4328 acm!
1062 4279 1109 4338 sil,
1126 4280 1192 4326 satis
1210 4280 1314 4325 damon·

200 4348 289 4390 surana
325 4343 482 4394 thoeoecas
492 4359 641 4395 racemosus
649 4351 733 4406 lacn,
750 4347 777 4393 in
787 4347 906 4394 Ameria
914 4348 952 4396 eis
962 4353 1121 4402 aquatorum
1130 4348 1253 4395 calidiore
1265 4357 1315 4392 ss-
1401 4367 1408 4382 ·

201 4410 307 4472 mentis,
331 4413 438 4464 radicem
455 4415 520 4466 inter
537 4417 646 4464 remedia
660 4414 772 4464 drsstiee
788 4416 934 4480 purgantis,
956 4415 1133 4464 amenissima
1149 4415 1273 4464 diureliaa
1289 4421 1313 4462 et
