2992 5046
724 333 798 398 aaa
1203 339 1209 370 ¹

295 535 493 598 Afflictis
524 545 591 593 ordo
607 543 703 594 mnne
718 545 855 606 naturalia,
873 544 1079 596 distinctissime
1097 552 1121 595 et
1139 549 1316 599 iaeiiiimede·

210 617 345 675 dolendus,
363 615 628 676 nmeraparsraeels,
646 615 719 664 illiue
728 615 891 672 capparidela
900 617 1012 672 proxime
1021 617 1117 678 altinis
1135 619 1317 668 atriliiaaeuri·

206 686 283 734 ninus
295 685 505 745 exalouminosis,
523 689 555 731 att
567 685 609 732 itis
621 685 843 740 nugamentorum
851 685 974 753 toralium
983 685 1177 734 conformatione
1185 693 1209 734 et
1218 687 1316 738 iruetaa
1344 681 1350 692 '

207 753 305 801 fabrica
318 754 444 812 dir·;ersns
462 757 493 800 ab
504 753 615 808 utrisque
624 753 722 799 dednito
731 752 865 800 staminum
873 763 987 812 numero,
1005 755 1104 810 eaiyois
1112 763 1136 803 et
1144 759 1254 804 corollae
1262 761 1315 804 ele

207 822 298 869 mentis
307 821 454 881 incuuarre,
474 825 498 866 et
511 821 590 866 tructu
604 821 749 880 bileeuleri,
768 823 938 877 carpopirpliie
951 833 1008 868 eum
1021 825 1225 880 troplroapernriia
1237 825 1316 873 luter·

206 889 393 952 vaiuuiarilrus,
411 889 615 944 dissepimentum
623 890 842 958 constituentiuus,
861 891 983 938 ιιιιιιιιιι
990 893 1105 939 connatis
1114 893 1213 940 differt.

294 967 554 1040 Geogrtaphia.
577 973 721 1022 cruciares
729 987 773 1030 per
781 987 875 1034 omnem
886 979 1006 1022 terrarum
1014 981 1097 1024 ornem
1108 977 1238 1034 dispersae
1246 983 1314 1040 aaut,

207 1043 246 1092 iia
258 1047 286 1091 nt
294 1045 419 1092 maximus
428 1045 529 1091 illarum
538 1053 657 1090 uunrerus
665 1045 692 1090 in
701 1043 888 1098 hemisphaerae
898 1045 1006 1092 borealis
1015 1049 1093 1102 plaga
1101 1051 1248 1110 temperata,
1267 1048 1314 1096 inr-

206 1113 295 1170 primis
304 1113 397 1159 veteris
407 1113 474 1158 erola
483 1117 614 1172 nascatur,
630 1121 720 1159 versus
729 1113 813 1167 poium
822 1113 1004 1167 aliquantolum
1014 1121 1154 1176 rarescant,
1169 1115 1314 1164 ranssimtte

204 1183 272 1229 inter
290 1182 398 1236 tropicus
414 1185 565 1242 nascantur,
583 1181 725 1238 temperiem
740 1181 767 1228 iu
784 1179 874 1230 calidis
892 1183 1039 1238 deserentes
1055 1185 1212 1238 potissimam
1225 1185 1314 1231 menti·

205 1254 291 1308 colae,
310 1262 424 1304 novaque
438 1253 557 1306 exsurgat
571 1254 648 1297 trans
653 1250 824 1306 capricornum
838 1254 952 1312 caterva,
969 1255 1047 1298 multo
1057 1251 1231 1300 tameumintta
1240 1263 1313 1308 otram

205 1320 244 1366 cis
258 1330 374 1366 cancrum
388 1322 517 1374 populosa
551 1319 600 1365 Per
612 1319 728 1374 singulas
740 1318 820 1364 tribus
835 1321 1040 1367 uatumieeraati
1048 1321 1143 1368 ordinis
1152 1321 1313 1376 dispicientes

205 1381 356 1433 Arabrrlene
369 1399 413 1433 rer
414 1399 458 1432 era
470 1387 647 1442 cosmopolites
657 1392 727 1447 sunt,
747 1383 959 1445 Adraaimoeiate
967 1401 1012 1444 par
1019 1389 1218 1446 hemisphaerica
1225 1392 1312 1436 ιιιιιιι-

205 1460 256 1503 leur
270 1439 399 1510 rltsper'sae
411 1455 537 1513 habitant,
556 1455 583 1500 in
596 1456 697 1510 regione
706 1455 886 1502 mediterranea
895 1461 919 1502 et
929 1457 1003 1504 iiorae
1011 1458 1124 1504 roseicae
1134 1459 1256 1505 territurio
1266 1459 1313 1505 im·

207 1525 296 1581 primis
306 1525 430 1579 copresae
465 1525 495 1569 ln
504 1525 605 1578 Europa
613 1523 695 1570 media
703 1525 824 1580 imprimis
833 1525 981 1572 occidentali
990 1531 1133 1586 rarescunt,
1150 1529 1193 1573 vel
1201 1537 1313 1574 summae

206 1599 291 1649 petunt
307 1595 378 1648 alpes
392 1597 416 1636 et
429 1591 497 1638 niuis
509 1596 626 1638 aeternae
639 1593 768 1654 terminos,
787 1595 831 1640 sed
844 1593 887 1640 in
879 1605 1025 1641 rmmensnm
1034 1596 1221 1642 crescitveraua
1230 1599 1326 1651 polum·

205 1663 346 1708 Bracarum
360 1660 512 1706 nitidissima
527 1665 640 1722 caterva,
659 1662 746 1707 oceani
760 1661 877 1717 glacialis
891 1669 915 1708 et
929 1664 1023 1718 alpium
1036 1663 1166 1718 utriusque
1180 1664 1246 1709 oritis
1255 1674 1313 1720 par-

206 1734 270 1777 r'nia
279 1735 371 1776 custos.
410 1725 580 1786 Titiaspirieae
589 1731 615 1775 in
624 1729 797 1785 hemisphaera
807 1731 901 1777 boreali
911 1731 1063 1792 frequentes,
1077 1733 1152 1779 eiiam
1161 1733 1188 1778 iti
1197 1730 1313 1778 Amerini

208 1799 316 1846 australi
330 1797 496 1852 extratroptea
510 1799 672 1853 reperiuntur.
709 1795 888 1843 creraololttae
901 1801 940 1846 iris
954 1801 1066 1856 proxime
1074 1802 1219 1847 accedentes
1229 1801 1256 1846 in
1265 1802 1313 1847 Pe·

204 1868 279 1914 rrrr'ia
288 1872 311 1914 et
322 1863 387 1913 cirili
395 1873 540 1912 nascuntur.
576 1863 763 1912 Aneelair'ecae
772 1869 859 1914 Asiam
869 1873 893 1914 et
901 1869 1013 1915 Africam
1022 1869 1240 1929 mediterraneam,
1258 1865 1314 1914 Ert-

206 1933 314 1981 eliclr'eae
331 1935 468 1992 orientem,
489 1933 638 1979 cniilineee
654 1937 766 1991 regiones
784 1943 933 1992 temperatas
951 1937 1139 1992 lrcrnisplraerae
1150 1937 1259 1984 uerutis
1272 1937 1313 1984 in·

207 2009 307 2064 colunt,
326 2003 481 2056 frequentius
499 2006 581 2048 tanrerr
600 2004 626 2048 irr
643 2003 708 2050 Asia
725 2005 807 2052 media
824 2006 913 2052 obuiae
927 2011 993 2052 sunt.
1028 2007 1095 2052 idere
1107 2007 1138 2052 de
1151 2003 1313 2064 &cymbricio

206 2077 288 2132 ualet,
306 2083 371 2126 auae
380 2073 434 2118 utut
443 2083 487 2126 per
496 2081 590 2118 omnem
600 2073 666 2119 oriris
675 2073 835 2128 extratreptni
845 2076 945 2130 plagam
953 2069 1077 2120 corcaien
1086 2081 1210 2135 repertae,
1228 2074 1313 2130 eopio-

206 2143 263 2191 aius
282 2147 363 2187 tamen
380 2139 407 2185 irr
420 2141 519 2194 Errropa
536 2139 652 2186 orientali
670 2147 694 2187 et
711 2142 903 2200 mediterranea,
922 2153 968 2188 nec
983 2144 1074 2189 nonin
1086 2143 1152 2190 Asia
1165 2143 1261 2190 rosaiea
1273 2153 1313 2190 re·
1359 2163 1364 2173 =

207 2211 344 2266 perluatur.
387 2205 548 2252 Cameiiueae
565 2210 679 2270 Europae
700 2209 808 2270 mediae,
832 2211 925 2272 alpium
941 2212 1021 2257 Asiae
1037 2213 1135 2258 mediae
1152 2217 1177 2257 et
1194 2211 1312 2271 creticae,

207 2279 341 2328 Amerieae
349 2276 470 2338 borealia,
484 2275 594 2324 Andium
604 2288 769 2333 perrenorum
778 2281 802 2322 et
811 2279 976 2338 curiensium,
986 2291 1033 2325 nee
1042 2289 1091 2326 nou
1101 2277 1312 2328 novae-ilelian-

208 2349 266 2394 diae
280 2345 549 2394 austro-occidentalis
563 2345 631 2391 cirea
645 2351 711 2393 sunt.
746 2342 912 2404 Isrpr'dineae,
931 2347 1099 2404 quamvisper
1109 2352 1312 2396 totnmterraruar

208 2419 304 2474 oroeur,
323 2415 347 2462 ei
359 2415 434 2461 liores
447 2413 547 2460 indicae
559 2413 676 2460 ditionem
688 2411 814 2474 excipiat,
832 2416 885 2462 sint
896 2415 1038 2475 (inpensae,
1057 2421 1139 2464 tamea
1152 2420 1183 2466 ott
1195 2419 1312 2475 majorem
1398 2447 1403 2455 -

207 2493 349 2544 rrurnerour,
364 2493 410 2537 quo
419 2483 447 2528 in
456 2483 541 2538 sarria,
558 2484 688 2542 Armenia,
699 2483 835 2538 Persianae
844 2485 993 2543 gignuntur,
1005 2485 1140 2532 orientales
1149 2486 1323 2542 pereminem·

206 2553 270 2600 tiam
286 2553 406 2598 dicendae
423 2556 489 2597 sont.
524 2551 658 2598 Parciores
676 2552 775 2606 species
793 2553 917 2608 regionem
935 2553 1139 2599 mediterraneam
1151 2559 1176 2600 et
1188 2555 1313 2608 Europam

207 2621 314 2668 mediam
330 2625 403 2674 atque
416 2621 540 2682 borealem
554 2619 708 2678 inhabitant,
722 2624 808 2666 irarum
821 2624 957 2668 nonnullae
970 2621 1045 2667 etiam
1057 2631 1205 2676 peromnem
1214 2619 1313 2668 Ameri-

208 2701 264 2737 eam
274 2690 379 2736 diffusae
388 2692 464 2733 sunt„
472 2687 592 2734 Ameriea
599 2689 722 2736 australia
729 2699 778 2738 auo
787 2689 837 2735 sibi
846 2700 950 2748 genera,
963 2689 1133 2744 utplurimum
1142 2690 1312 2747 frutescantla,

209 2759 330 2804 vindieat.
365 2758 434 2814 Quae
446 2755 473 2800 in
487 2757 588 2810 regione
600 2757 716 2814 caperet,
733 2757 760 2802 in
769 2757 863 2803 oceani
876 2759 997 2805 australia
1005 2759 1098 2804 insulis
1107 2763 1130 2804 et
1139 2759 1166 2804 in
1174 2762 1245 2806 Nova
1252 2759 1314 2812 liol-

208 2828 296 2872 landia
309 2829 458 2883 nascuntur,
477 2827 508 2870 aio
523 2825 653 2890 europaeis
665 2837 755 2881 genere
767 2837 816 2872 uon
829 2827 954 2873 recedunt.
966 2820 970 2829 ‘
989 2828 1102 2872 Notanda
1116 2827 1190 2874 etiam
1204 2823 1313 2883 regionis

208 2892 490 2953 taurino-caucasicae,
506 2893 689 2940 crrrciierarum
699 2895 765 2940 alias
776 2893 958 2954 tenacissimae,
967 2894 1159 2950 Lepidinearum
1169 2897 1312 2952 paupertas.

208 2963 339 3011 caeterum
353 2964 485 3016 pleraeque
498 2961 595 3016 species
604 2963 758 3022 endemieae,
776 2963 945 3018 paucissimae
954 2975 997 3019 per
1005 2963 1129 3019 Europam
1139 2967 1163 3010 ei
1172 2963 1314 3010 American

207 3034 333 3078 borealem
346 3039 435 3085 vagae.
470 3029 613 3084 capsellam
627 3043 672 3085 per
684 3034 767 3077 orbern
780 3035 899 3078 terrarum
913 3031 1086 3079 disseminavit
1099 3032 1235 3087 inquietant
1247 3042 1312 3077 mer-

208 3101 300 3148 talium
316 3097 496 3146 commercium.
527 3095 666 3144 ·Ieetr'dene
683 3111 768 3146 omnes
785 3100 824 3148 eia
842 3111 960 3148 caucum
973 3101 1106 3156 indigenae
1119 3107 1189 3159 sunt,
1207 3097 1313 3152 iuAsia

209 3171 291 3218 media
304 3173 328 3214 et
341 3167 442 3223 regione
455 3167 634 3230 mediterranea
647 3167 773 3224 copiosius
787 3173 935 3216 crescentes.
970 3159 1134 3214 Arichcm'ene
1146 3169 1172 3214 irr
1182 3169 1280 3214 Oriente
1288 3171 1320 3231 ιιι1

210 3239 275 3286 risle
287 3237 370 3284 media
382 3241 506 3282 crescunt.
541 3233 697 3282 Braecieeoe
705 3237 731 3282 in
740 3237 840 3294 regione
849 3235 1041 3296 mediterranea,
1059 3237 1223 3295 tricenariis,
1240 3235 1314 3282 india

210 3307 318 3363 cereali,
341 3316 439 3362 paucae
454 3305 481 3350 in
499 3306 600 3361 iiuropa
616 3306 711 3365 media,
733 3307 903 3360 paucissimae
924 3307 951 3352 in
969 3305 1087 3352 Ameriae
1103 3305 1210 3352 auatrau
1226 3309 1313 3358 sponte

208 3380 332 3422 crescunt.
370 3371 486 3429 i'eiieae,
506 3369 604 3418 Ziileoe
617 3379 641 3418 et
650 3370 810 3431 lapeleiam
821 3381 894 3421 extra
905 3371 1030 3430 reclamem
1038 3373 1243 3423 medianarum
1251 3383 1315 3418 non·

209 3447 268 3491 dum
290 3445 437 3494 observatae
458 3440 570 3500 luerunt;
595 3453 628 3488 err
648 3442 690 3490 iris
707 3439 870 3500 Poyeiiaeue
885 3445 966 3492 solam
982 3442 1086 3490 Airleae
1104 3453 1173 3489 oram
1189 3443 1314 3488 oomaleru

210 3517 303 3558 tenent.
341 3505 498 3566 capitaneae
510 3509 633 3558 latissime
646 3521 689 3564 per
697 3514 779 3557 erdem
788 3511 916 3568 dispersae
925 3514 991 3559 sunt.
1026 3507 1190 3567 Beroeaeus,
1209 3505 1313 3554 Erana·

209 3578 283 3624 rieae
297 3581 321 3624 et
331 3573 500 3622 amatorem
508 3579 633 3632 Europam
643 3579 787 3626 orientalem
795 3584 821 3626 et
830 3579 918 3628 Asiam
927 3577 1033 3626 mediant
1041 3578 1162 3626 incolunt.
1196 3573 1313 3624 Seneca-

190 3693 194 3701 ,
210 3657 273 3692 rear
286 3646 314 3693 iu
323 3647 423 3699 Europa
435 3643 528 3704 medie,
547 3645 670 3700 incapite
678 3647 821 3702 uonaeepet
833 3652 858 3694 et
870 3647 935 3693 inter
948 3647 1053 3702 tropicos
1065 3647 1141 3694 totins
1150 3645 1314 3694 omhoouias
1331 3663 1337 3670 ·

210 3717 339 3762 debemus
375 3709 835 3771 Hellopiilenernerecapenaeaennt
870 3711 1091 3773 salamandrae,
1103 3713 1314 3775 penuaehileuae,

211 3783 304 3839 petalis
318 3779 482 3839 pinnatiirlis,
501 3786 525 3826 et
538 3783 727 3836 cotyledonioua
738 3789 857 3846 quatuor,
873 3783 1315 3842 singillatimeuttspiraliterlnvoiu·

212 3851 247 3901 tis
255 3851 384 3907 smgaiar'e
393 3855 438 3896 eat.

298 3926 521 3996 warinus
534 3937 560 3982 et
571 3941 673 3988 unua.
708 3937 827 3984 acredini
840 3936 952 3998 volatili,
968 3945 1111 3994 perennes
1124 3941 1209 3993 partes
1218 3936 1313 3992 dimn-

214 4019 271 4066 ιιι,
290 4011 316 4054 et
327 4015 403 4060 saepe
415 4003 531 4068 eutplrorl
543 4009 649 4066 nuptae,
668 4006 811 4054 crociterae
823 4009 925 4064 plantae
939 4017 1053 4062 sapsam
1066 4006 1155 4054 dehent
1166 4007 1313 4063 mamaeam,

214 4084 289 4131 atoue
302 4073 411 4131 odorem,
430 4073 473 4118 uiti
491 4077 614 4132 teruntur,
634 4075 796 4134 peculiarem,
819 4076 877 4122 dum
894 4075 1034 4130 putruerint
1050 4075 1160 4131 ιιιιιιιι
1176 4073 1314 4121 ammonia-

213 4149 302 4192 eaiem.
336 4139 443 4193 Accedit
453 4139 481 4186 ln
494 4139 700 4198 piurimleamarl
713 4143 808 4199 aliquid
820 4147 845 4190 et
857 4143 934 4203 salsi,
952 4154 999 4192 nec
1011 4153 1062 4190 nou
1074 4145 1156 4190 oleum
1165 4138 1269 4200 pingu'e,
1287 4140 1314 4188 in

213 4211 351 4258 seminibus
363 4208 484 4266 imprimis
497 4210 661 4271 elalroratnnr,
680 4212 790 4258 nativam
804 4213 879 4259 etiam
888 4211 1041 4272 acredinem,
1058 4209 1315 4267 ooaeinuniousdam
1337 4271 1338 4276 Ἰ

215 4280 335 4326 indomita
347 4277 373 4325 in
386 4279 427 4324 lrls
436 4277 549 4332 partious
559 4285 657 4340 regnat,
676 4275 962 4328 inuonnullisrineens.
995 4280 1314 4336 Annuaruruirerloaralet,

214 4345 802 4408 perenniumtinusinradieerelreurentiorest.
838 4349 975 4406 Quaedam,
993 4346 1315 4404 nulunsierioaiereiners,

215 4415 312 4465 semina
324 4414 449 4474 paisant
462 4415 678 4466 ιιιιιιοιιιιιιιιιιι.
714 4417 1065 4482 Multaeeulturamltieeunt,
1084 4423 1158 4466 ancta
1168 4413 1282 4466 mociani
1291 4419 1316 4460 et
