2988 5040
228 553 515 614 ecoenlneuinenelbus
532 557 564 605 ab
582 557 744 608 resolventes
760 561 869 604 tumores
886 556 911 602 et
923 553 1033 602 scabiem
1045 553 1181 604 levandam
1193 551 1330 618 inhibetur.

214 627 352 692 ‘Polygori
359 623 579 673 eocltneltnemtc
587 625 677 672 llelsn.
688 637 750 672 usus
764 629 813 670 ism
825 630 943 672 externus
958 634 1031 677 poam
1044 623 1158 670 internus
1170 624 1292 680 imprimis
1304 626 1332 671 lu

226 696 548 760 genuomtnmeseemlum,
566 695 645 741 morbi
657 694 784 749 intipeols
796 692 931 742 iniimus
944 697 969 738 el
981 694 1057 740 volte
1070 693 1184 751 rebellis,
1202 695 1332 741 curatione

226 775 310 818 valere
322 766 438 814 cretum.
474 760 794 823 mogontinensem
807 763 871 810 tolle
883 760 945 816 (nec
957 762 1198 816 ”theutonicam
1207 761 1332 818 referum)

224 841 309 888 iniusti
325 845 343 882 s
358 833 461 882 melleis
480 831 572 879 indicis
589 833 622 877 ab
640 831 778 888 mltlgsnon
794 829 967 884 intestinorum
985 830 1091 877 tormina
1104 832 1230 888 propinari
1243 835 1332 878 solent.

226 903 351 964 Pangaei
358 896 601 960 orultssora'nbunb.
615 899 688 946 radix
697 903 814 947 tuberes&
821 899 961 956 soporibus
971 897 1089 946 cordialis
1097 897 1197 946 (licitur.
1224 901 1333 946 crudam

226 975 353 1030 sobibent,
370 972 416 1016 sub
435 970 564 1018 cineribus
581 973 669 1016 ossele
686 978 773 1014 smera
789 974 835 1016 ent.
870 961 1029 1026 Polygonum
1047 964 1334 1012 ennlmenmlotuale

159 1032 166 1038 '
226 1045 298 1094 uari.
312 1041 396 1097 (sno
409 1040 439 1084 uc
452 1037 540 1093 breno)
552 1037 676 1094 principe
687 1037 742 1084 serr
755 1041 846 1095 scetes,
865 1036 1042 1084 casurusne
1052 1035 1118 1082 cleu
1131 1036 1277 1084 ceruimus
1285 1038 1332 1083 cs-

223 1110 328 1160 mixtum
342 1113 365 1154 el
377 1108 404 1154 in
417 1107 641 1161 cataplasmatibus
654 1111 678 1152 et
691 1105 790 1152 balneis
799 1107 921 1152 aversus
930 1104 1070 1150 arthriticus
1080 1106 1177 1152 toleres
1186 1110 1210 1152 et
1219 1109 1333 1152 boemor-

223 1180 485 1230 rbolbesnsurpelum.
511 1171 963 1232 Polygoulvlmpartblnnbululffl,
981 1173 1331 1232 intorumspicsunseentes,

223 1242 724 1300 Americeearctlcaepopulisclbosunl.
1206 1287 1213 1300 .

290 1304 375 1360 'inter
390 1316 491 1367 plantas
510 1313 621 1358 cereales
638 1306 803 1368 Fugopprnm
817 1309 1023 1367 (Bnobweitzen,
1038 1310 1202 1370 liaytlelrorn,
1215 1309 1333 1356 Formen-

224 1385 288 1443 tlne,
306 1383 468 1428 Frumentum
476 1378 677 1435 sarrecenlcnm)
686 1380 816 1437 laudatur,
834 1378 1333 1434 innonnuliisorbisveterisrcglcrlbss

224 1450 341 1500 immenti
358 1448 467 1505 inopte·
481 1447 619 1495 seminibus
631 1445 769 1502 emptueels
782 1447 912 1502 supplens.
946 1445 1026 1498 Asiae
1039 1447 1138 1504 populls
1151 1456 1242 1502 vagam
1254 1447 1333 1495 vitam

225 1520 357 1580 agentibus
372 1516 508 1564 utilissima
521 1520 561 1562 est
573 1519 661 1573 berbo,
679 1514 726 1560 ulli
735 1517 788 1560 solo
798 1517 925 1572 contente,
943 1513 1041 1563 nullius
1049 1515 1145 1562 isborls
1154 1515 1241 1570 iniiga
1249 1521 1274 1560 et
1282 1515 1332 1560 ello

143 1623 148 1630 .
225 1589 333 1636 finctum
350 1584 492 1642 perficiens,
509 1584 580 1630 nobis
596 1583 698 1629 ineunte
712 1585 814 1628 saeculo
829 1583 922 1628 decimo
936 1583 1021 1636 quinto
1035 1597 1066 1630 ex
1075 1584 1154 1630 Asine
1163 1584 1334 1638 penetralibus

225 1659 342 1714 sbventa,
366 1655 461 1710 passim
479 1653 552 1700 bodie
570 1662 614 1708 per
629 1653 745 1706 sumpse
762 1650 876 1708 regiones
893 1651 1032 1698 steriliores
1048 1652 1131 1698 vastis
1148 1652 1216 1706 egris
1234 1651 1332 1698 colitur.

225 1725 351 1783 Fagoppnl
361 1723 484 1778 duplicem
492 1721 601 1776 speeiem
611 1721 730 1776 serimus,
749 1716 914 1778 Fugopyrem
923 1717 1081 1766 esculanum
1089 1723 1188 1766 bltncb.
1198 1717 1333 1774 (Formen-

226 1795 321 1841 tlnetle
333 1791 437 1852 socole,
455 1793 556 1845 Papira
570 1795 594 1836 et
602 1791 706 1836 Kooltoo
717 1784 864 1846 llreaatay.)
882 1783 1079 1847 etFagopyrunr
1094 1789 1237 1848 telmessi
1247 1791 1333 1836 αἰτίη.

226 1857 799 1920 [Granettey.Formentinebebuaernel,illut
809 1857 883 1904 citius
893 1861 917 1902 et
927 1856 952 1903 ln
962 1858 1036 1904 elatis
1044 1869 1140 1912 unoque
1149 1858 1258 1914 regionis
1263 1869 1334 1904 mon·
1382 1887 1384 1890 -

226 1935 300 1978 tense
313 1927 464 1976 stationibus
476 1927 633 1984 maturescit,
651 1927 695 1972 sed
709 1925 781 1972 liores
793 1925 878 1986 ,serlus
892 1928 1052 1983 evolvuntur,
1071 1930 1093 1972 et
1107 1926 1334 1981 seminainaepna·

225 1999 283 2046 liter
292 1997 394 2057 perlicit,
409 2001 431 2044 et
442 1995 525 2042 lerina
533 1995 661 2050 nigricans
671 1996 809 2049 paullulum
819 2004 905 2040 smera
914 1999 959 2042 est.
980 1996 1009 2040 ln
1018 1993 1171 2053 regionibus,
1185 2004 1249 2048 unse
1259 1995 1334 2042 tertill

227 2071 280 2115 solo
300 2065 399 2124 felices,
422 2069 446 2110 et
464 2063 597 2110 cereolium
614 2064 754 2120 graminum
772 2064 869 2109 feraces
886 2067 957 2122 sunt,
975 2063 1134 2118 anopprnm
1151 2063 1273 2118 imprimis
1289 2075 1333 2119 pro

228 2137 313 2183 avium
336 2133 524 2178 domesticarum
546 2135 637 2184 pabulo
654 2137 678 2177 et
696 2133 722 2177 iu
739 2131 847 2187 pretinm
864 2142 952 2190 epum,
979 2142 1044 2186 oum
1060 2132 1122 2178 mire
1138 2131 1240 2178 boribus
1258 2134 1333 2186 buius

228 2207 330 2262 plantae
339 2203 505 2258 delectarint,
520 2203 613 2246 cultum
622 2198 744 2246 uidemus.
766 2195 931 2258 Fegopprum
941 2199 1130 2258 emcrgtnmem
1140 2201 1230 2246 blelsn.
1240 2199 1333 2258 (ogia)

228 2274 255 2318 in
263 2268 370 2325 Nepalia
379 2280 433 2314 enm
444 2267 648 2322 praecedentibus
657 2272 752 2328 satum,
766 2269 893 2316 rarissime
904 2267 930 2312 in
939 2268 1031 2314 nostris
1040 2267 1108 2327 agris
1118 2269 1234 2314 occurrit.
1251 2271 1333 2316 Eia-

229 2338 330 2398 gopyris
344 2340 451 2382 colorem
464 2339 606 2381 caeruleum
620 2336 725 2382 obtineri
738 2341 843 2383 constat.
877 2333 1033 2394 Polygonum
1045 2335 1193 2381 tinctorium
1203 2335 1274 2384 bour.
1289 2347 1334 2382 nc-

229 2409 290 2456 strls
307 2405 394 2452 ‘liebus
412 2405 519 2450 echino
535 2407 642 2450 relatum
658 2408 764 2451 colorem
781 2407 933 2462 coeruleum,
952 2404 1034 2450 indico
1048 2405 1169 2464 similem,
1186 2406 1292 2460 optimus
1306 2405 1334 2454 ln
1386 2432 1393 2440 -

191 2465 195 2474 ’
229 2476 345 2534 tingendo
354 2478 427 2520 notae
436 2476 549 2530 praebet,
569 2478 593 2518 et
604 2475 689 2528 plaute
698 2483 885 2528 agronomorum
894 2474 1042 2520 nostratium
1051 2474 1334 2528 pericollsexpenlltsr.

317 2539 601 2602 coccolobneuotferae
613 2541 686 2587 Llnn.
701 2539 826 2598 (buliens)
840 2541 1021 2588 subcrescentis
1031 2541 1143 2598 lmliels,
1161 2543 1187 2588 in
1196 2543 1301 2589 Antillis
1310 2547 1336 2589 et

229 2613 341 2667 reliquae
358 2611 491 2659 AmerIcee
507 2611 590 2656 littore
605 2609 726 2656 ntlsntleo
743 2610 901 2666 intertropico
914 2609 1055 2668 noscentis,
1073 2621 1165 2656 succus
1178 2613 1336 2657 veliementer

229 2682 400 2739 adstringens,
419 2677 572 2732 inspissatus
590 2674 661 2722 Kino
678 2676 824 2722 notter-rbem
840 2677 915 2734 [allis
927 2677 1335 2738 ltinooecitentele,1txrrectnm
1353 2690 1356 2696 ’

229 2747 370 2796 listenhine
379 2745 486 2802 falsum)
496 2746 594 2792 nomine
603 2747 630 2792 in
638 2746 807 2794 mercimoniis
815 2753 861 2793 est.
891 2746 999 2803 Lignum
1008 2747 1255 2806 rubro-tinctorium,
1273 2751 1335 2794 bae-

230 2815 582 2873 cstlirncluscerasltormes,
600 2814 785 2874 grateecidull,
803 2816 898 2860 edules.

316 2884 400 2930 mdix
409 2879 538 2940 collebono·
546 2877 665 2926 Pallanta
674 2883 739 2940 Ait,
753 2883 851 2939 epbpili
860 2881 969 2942 fruticis,
980 2882 1102 2938 profunde
1112 2886 1257 2931 nebulosum
1265 2884 1334 2930 sibl-

231 2954 284 3000 rlee
295 2951 452 3000 eustraliorls
464 2954 545 2997 solum
558 2955 682 3010 penetrat,
701 2955 726 2996 et
738 2951 821 2997 ineisa
829 2963 853 2996 v.
862 2955 968 2996 contuse
976 2954 1000 2996 et
1009 2955 1080 2998 cocta
1088 2953 1254 3000 substantiam
1262 2963 1335 3008 pum-

230 3033 337 3081 mosam,
360 3020 554 3078 iniciuseutom,
577 3021 767 3075 Transeuntbae
787 3015 895 3066 similem
913 3023 1025 3078 presbe13
1047 3023 1095 3066 bec
1112 3019 1203 3068 semem
1221 3022 1335 3068 calmunt
1421 3011 1431 3074 ‚¹

230 3090 332 3144 tallere,
350 3087 603 3142 remnlisjunlorlbus
613 3093 636 3133 et
646 3085 769 3133 fructibus
778 3097 880 3133 amoene
890 3086 970 3134 acitlls
979 3087 1022 3134 slii
1031 3085 1160 3142 providere
1169 3093 1256 3138 solent.

319 3153 451 3214 Triplorir
468 3155 621 3200 umcrieona
636 3154 712 3202 Lina.
725 3153 823 3209 [Barba
836 3157 866 3201 tte
881 3159 955 3201 Meno
968 3167 1013 3202 seu
1026 3157 1088 3202 Pelo
1101 3157 1200 3215 Mula)
1211 3157 1336 3208 erudelis·

231 3227 320 3275 slmem
329 3230 353 3274 et
361 3224 470 3273 muime
478 3230 628 3272 venenatam
636 3223 803 3271 terminatum
812 3223 922 3279 speciem
931 3227 1001 3271 olere
1008 3225 1125 3271 ereditur.

514 3404 619 3464 orno
637 3402 733 3467 ew.
775 3403 1049 3477 myccsglnese.

317 3528 436 3592 Herbee
466 3548 578 3590 annuae
609 3548 635 3588 v.
663 3529 792 3606 saepius,
828 3526 970 3587 interdum
988 3527 1149 3589 radicibus
1178 3527 1346 3600 tuberonis,

232 3625 439 3695 perennantes,
467 3633 542 3673 nune
552 3611 685 3690 frutices
702 3614 764 3672 sive
783 3610 922 3685 arbores,
951 3615 1037 3672 ramis
1060 3613 1334 3674 nodoso-euticete·

232 3703 281 3772 tis,
310 3699 424 3758 ramulis
441 3717 529 3778 saepe
548 3698 787 3777 spinesceutibus.
831 3699 918 3758 Folio
936 3701 1083 3778 opposito,
1111 3700 1204 3759 altero
1228 3719 1334 3758 ramum

232 3784 422 3846 subtendente
441 3785 555 3863 saepius
574 3785 698 3855 minore,
717 3804 792 3843 nunc
810 3783 934 3855 alterna,
958 3785 1112 3863 simplicis,
1135 3786 1334 3863 penuiuervie,

231 3872 399 3954 plerumque
424 3870 628 3948 integerrime,
661 3869 813 3949 petiolum,
845 3869 1027 3948 exstipnlelu.
1079 3872 1184 3930 Flores
1211 3871 1333 3949 perlecti

202 4001 205 4013 .
232 3979 261 4018 v.
284 3957 429 4018 uerissime
452 3955 554 4015 abortu
578 3955 714 4027 diclines‚
742 3953 878 4013 uxillercs
899 3974 927 4012 v.
951 3956 1133 4028 terminalem,
1162 3954 1282 4014 solitarii
1305 3975 1333 4015 v.

233 4043 401 4124 aggregati,
436 4043 602 4121 saepissime
629 4041 781 4099 involucro
809 4040 989 4119 calyeiformi
1015 4061 1042 4100 v.
1071 4041 1215 4112 colurnio,
1242 4041 1334 4120 ‘poly-

233 4129 329 4210 pbyibo
349 4129 408 4188 sive
428 4127 627 4206 gernopbyllo,
656 4123 781 4184 deciduo
799 4146 825 4184 v.
847 4127 1033 4205 persistente,
1061 4123 1202 4186 interdum
1222 4123 1333 4186 demum

233 4227 334 4285 ructo,
352 4213 572 4293 uui-plurissoro
591 4211 694 4282 cincti,
713 4211 807 4270 rarius
825 4211 935 4290 cymosi
954 4232 980 4270 v.
996 4211 1165 4290 punieuleti,
1184 4211 1334 4290 pertinellis

234 4300 295 4357 basi
319 4319 347 4356 v.
374 4300 458 4378 apice
484 4297 683 4356 bracteoiatis.
737 4299 927 4373 Perigonr'um
953 4298 982 4355 in
1009 4297 1078 4362 ‚eliis
1108 4297 1333 4367 subodoratum,

235 4393 317 4442 extus
339 4401 427 4462 saepe
450 4383 547 4444 rudius
568 4403 596 4440 v.
614 4381 731 4452 hirtum,
760 4382 787 4440 in
811 4381 875 4441 eliis
899 4382 983 4461 piune
1007 4382 1193 4454 corollinum,
1222 4397 1335 4442 maroe·-
