2968 5038
694 338 741 402 78

614 437 745 445 ...μ-*-
751 437 823 444 ..η-.-

215 549 289 596 tota.
306 549 407 596 iunctus
417 545 474 596 Μ’.
617 545 619 550 “
838 555 858 585 c.
873 539 1022 598 coplalnrya
1033 543 1099 586 Doro.

264 624 289 652 rr.
302 607 395 652 iuueni
406 609 474 652 vero.
788 605 862 650 1050.
878 606 1035 650 Narthecium
1052 603 1147 650 iioelrr.

361 657 568 704 iinstkorialiero.
930 665 1016 707 Abarne
1025 667 1114 708 Ariorica.

258 709 542 768 d.·tdrrrtpporpernun
550 711 619 756 Deio.

247 815 450 874 Ammius·
468 825 614 871 durescere
623 824 811 872 coronariorum
820 835 909 882 agmen
918 828 1049 881 ducentes,
1063 829 1095 873 ab
1103 827 1192 874 iisdem
1201 829 1269 882 peri·

163 893 233 950 ponii
245 885 347 942 textur'a
359 895 387 940 in
401 893 526 948 plerisque
538 897 669 950 glumacetl
681 894 806 952 diversae,
824 897 896 942 illinc
908 897 995 942 trrbttr
1004 898 1149 942 omninoes
1159 898 1269 951 cupera-

162 974 286 1022 ceasque,
313 967 364 1008 tum
387 963 509 1017 perigenil
532 967 581 1008 tum
598 963 695 1008 fructus
713 968 735 1010 at
758 965 881 1011 sarcinum
899 971 1023 1011 structura
1040 966 1224 1010 diversissimas
1243 965 1269 1010 in

163 1032 309 1078 memoriam
323 1037 481 1090 revocantes,
500 1031 640 1076 ilestiaceis
655 1031 805 1086 propinquae
817 1039 887 1091 aurit,
906 1037 937 1078 ab
952 1034 1038 1078 iisdem
1048 1037 1269 1086 embrvoneortbo-

163 1105 234 1155 tropo
244 1101 311 1144 intra
320 1102 437 1144 albumen
446 1102 553 1156 recluso,
572 1100 780 1156 straminibusque,
800 1102 966 1146 dumnonnisi
976 1103 1133 1158 triaadsnnt‚
1147 1101 1270 1155 nerteontt

163 1168 261 1215 ionalis
278 1167 444 1212 exterioribus
462 1168 582 1222 oppositis
599 1169 723 1216 diversae.
757 1171 854 1216 Genera
871 1170 978 1224 plurima
990 1171 1123 1230 Juncaoeir
1137 1169 1269 1216 mdltiiesit)

163 1237 267 1294 monis,
285 1237 331 1284 sed
349 1247 428 1290 neque
446 1236 473 1280 in
490 1237 565 1290 liuius
583 1235 676 1282 ordinis
694 1239 879 1284 contubernium
896 1239 1049 1284 admittenda
1065 1250 1112 1284 nec
1129 1238 1195 1292 aptis
1208 1238 1270 1284 aiibi

161 1305 274 1352 locanda
292 1303 406 1361 sedibus,
424 1303 512 1358 partim
530 1305 561 1352 ad
578 1303 705 1354 Liliaceas
721 1305 896 1362 Aspbodeleas
915 1306 1044 1354 transitum
1063 1311 1164 1364 parant,
1181 1307 1270 1360 partim

162 1374 242 1422 vilent
252 1376 389 1418 Juncorurn
401 1375 555 1428 plebeculam
568 1385 623 1419 cum
636 1373 699 1428 ipsis
712 1377 783 1430 regui
792 1377 939 1432 vegetabilis
948 1375 1103 1432 prmctploos
1111 1375 1270 1422 Patmisattt·

161 1441 254 1492 uitatis
264 1441 390 1488 naturalis
398 1442 584 1488 necessitudine
593 1442 670 1488 teneri
679 1445 855 1492 demonstrant.

254 1518 516 1590 Gieogrmphh·
537 1527 640 1582 Species
648 1539 794 1576 numerosae
802 1531 891 1585 partim
901 1529 927 1576 ln
935 1528 1069 1585 uliginosis
1076 1531 1100 1576 et
1108 1527 1270 1586 palustribus,

162 1596 257 1653 partim
271 1596 299 1644 in
312 1597 424 1642 herbidis
438 1595 574 1654 montanis,
592 1595 675 1643 rarius
683 1597 710 1644 in
719 1598 795 1644 siecle
804 1599 897 1652 apricis
906 1600 1034 1655 degentes,
1051 1599 1160 1646 maxima
1170 1609 1270 1643 numero

160 1667 187 1714 ia
198 1665 347 1722 regionibns
357 1665 498 1720 temperatis
506 1671 530 1710 et
540 1664 720 1720 frigidiuacuiis
728 1668 914 1722 bemirpbaerae
923 1668 1031 1714 borealis
1039 1668 1184 1722 gignuntur,
1195 1667 1270 1712 etiam

161 1735 190 1782 in
204 1734 380 1790 frigidissimis
392 1733 493 1792 obviae,
511 1743 600 1780 versus
612 1738 769 1788 seruatorem
783 1742 947 1794 rarescentes,
966 1735 1030 1782 inter
1042 1736 1151 1782 circulos
1164 1735 1270 1789 tronione

161 1815 253 1858 rarae,
272 1801 409 1848 universim
423 1801 449 1846 in
461 1802 636 1856 semisphaera
647 1804 755 1850 australi
767 1805 849 1852 minus
863 1805 988 1858 copiosae.
1020 1805 1159 1854 Nonnullae
1168 1807 1271 1856 lateper

162 1877 289 1920 terrarum
305 1875 387 1917 orbem
405 1869 546 1928 dispersae,
572 1873 694 1924 quaedam
711 1871 827 1919 fortassis
843 1873 952 1927 innoieto
969 1871 1109 1918 mortalium
1127 1872 1270 1918 commercio

161 1943 329 1997 propagatae.
363 1937 444 1982 Junci
452 1943 476 1984 et
491 1935 618 1996 Lazrrlnc,
638 1940 714 1986 etiam
727 1939 753 1986 in
767 1941 916 1986 celsissimis
929 1940 1061 1986 Americae
1074 1943 1098 1984 et
1110 1937 1270 1993 Astaejugis
1364 1969 1369 1975 -
1435 1947 1436 1952 ’

161 2010 252 2064 visae,
271 2008 454 2062 cosmopolitae.
490 2003 623 2051 Prionium
640 2019 720 2062 genos
737 2019 855 2066 capenae,
880 2005 1047 2052 uberrimam
1065 2007 1193 2062 perinotrio
1210 2009 1271 2054 sult-

164 2080 279 2126 calonto
288 2085 305 2121 a
314 2075 416 2129 reliquis
425 2075 537 2122 nonnilrit
547 2077 673 2122 diversum
686 2077 822 2132 lolluropa
831 2076 977 2124 etAmericu
986 2077 1081 2122 boreali
1090 2075 1162 2122 vivit.

255 2153 476 2219 §utilitates
495 2165 519 2206 et
534 2149 637 2212 usli!-
671 2163 759 2207 Pauca
776 2163 807 2206 de
824 2162 986 2216 qualitatibus
1000 2163 1127 2208 monenda.
1162 2160 1269 2206 scboeni

162 2231 332 2287 emanent,
351 2241 423 2284 qnam
431 2227 543 2274 Juncom
553 2234 658 2273 centnm
666 2231 739 2276 Lirin.
749 2231 880 2288 credimus,
899 2231 1005 2276 fractum
1016 2235 1103 2276 tostum
1112 2233 1136 2274 at
1146 2239 1201 2274 curn
1212 2229 1270 2274 vino

164 2301 286 2357 dilutum,
304 2301 388 2344 aivum
403 2303 426 2343 et
440 2309 538 2344 tuenses
551 2298 650 2356 sistere,
668 2300 765 2344 urinam
775 2309 885 2358 movere,
903 2300 946 2346 sed
957 2299 1047 2352 capitis
1057 2299 1215 2353 gravedinem
1225 2309 1270 2344 ex-

162 2370 247 2417 citare
255 2372 380 2412 auctorem
389 2371 509 2412 babemus
518 2367 685 2411 Dioscoridem
696 2367 745 2422 (bt.
755 2377 786 2411 nt.
796 2368 838 2412 tv.
848 2367 912 2422 52).
935 2365 1015 2410 Jnrrcr'
1023 2363 1103 2424 efflrar'
1110 2367 1153 2424 in,
1172 2363 1198 2410 J.
1209 2377 1269 2409 con-

162 2433 614 2498 munirdonciglooeillbrb„
625 2435 745 2489 imprimis
754 2445 812 2480 vero
819 2431 934 2480 banaiae
942 2431 1120 2492 oernniialic,
1130 2439 1271 2488 platttarom

164 2509 192 2553 tn
200 2508 307 2560 Europa
315 2505 397 2550 stedia
405 2509 428 2548 et
440 2505 532 2549 boreali
542 2504 635 2558 passim
644 2505 786 2560 obviarunt,
805 2505 942 2550 rbiaomata
950 2503 1083 2558 dinretles,
1102 2505 1195 2548 multae
1205 2503 1270 2557 apud

164 2578 266 2632 plebem
280 2575 415 2628 otagyrtas
425 2573 573 2618 Germaniae
586 2573 694 2618 borealis
704 2573 797 2620 leudis.
831 2571 913 2618 darer·
923 2569 1153 2617 errer're'sebntt.
1165 2570 1235 2616 radix
1243 2570 1270 2616 in

164 2640 337 2691 Coclrincbina
348 2640 498 2698 refrigerans
508 2647 530 2686 et
541 2641 661 2686 dioretica
670 2642 785 2688 creditur.
819 2638 935 2684 erznlaa
944 2639 1164 2698 eonrpcrtrielic,
1179 2640 1271 2684 inber·

164 2713 234 2757 bidis
244 2708 339 2764 apricis
349 2711 463 2762 Europae
473 2709 549 2754 totius
562 2709 686 2768 vulgaris,
706 2712 825 2763 capsulae
840 2711 984 2756 immaturae
999 2710 1170 2756 dulciusoulne
1179 2708 1270 2764 (volgo

165 2776 329 2832 ltssenorod]
343 2789 359 2822 a
372 2777 455 2830 pueris
468 2777 542 2822 avide
554 2782 680 2823 vorantur.
716 2773 854 2822 Il‘artirccii
866 2777 994 2839 ossifragi
1005 2779 1077 2822 Linn.
1088 2781 1163 2822 barba
1173 2775 1271 2829 [Herba

165 2848 291 2905 mininie
309 2846 428 2900 ossifragi
446 2844 558 2900 viticis.)
573 2846 630 2891 ollnt
649 2847 713 2891 inter
724 2847 868 2892 vulneraris
881 2851 1015 2902 pharmaca
1027 2847 1120 2904 habite,
1164 2847 1270 2890 Plantae

166 2918 193 2964 in
203 2919 323 2970 Europae
334 2916 430 2960 mediae
443 2919 467 2959 et
481 2914 690 2970 septemtrionatts
705 2914 836 2970 uliginosis
850 2917 939 2962 obviae
950 2913 1053 2960 balitnm
1062 2915 1141 2960 baira
1150 2917 1173 2958 et
1182 2914 1270 2960 ovibus

166 2985 349 3042 perniciosum,
368 2985 469 3030 beroam
487 2984 629 3028 devoratam
646 2993 706 3028 ossa
722 2983 822 3028 emolire
835 2985 898 3030 inter
911 2982 1012 3029 fabulas
1026 2987 1136 3030 babetur.
1170 2983 1192 3027 Ε
1206 2983 1270 3028 Jun-

165 3065 253 3099 oarnm
262 3051 352 3097 culmis
360 3053 464 3096 storeae.
488 3051 567 3096 Unam
578 3051 685 3106 speciem
696 3049 768 3108 (liin,
778 3055 853 3113 vulgo
861 3051 1049 3108 statnottonpt.
1058 3048 1270 3106 Amoenpooo.)

166 3122 195 3168 in
202 3122 276 3180 agris
284 3121 413 3178 paludosis
422 3121 503 3168 instar
511 3121 608 3176 oryzae
617 3121 684 3166 bunc
693 3119 719 3166 in
729 3120 800 3167 inem
809 3124 891 3168 colunt
902 3123 1019 3176 Japones.

471 3267 605 3322 Genera
629 3267 811 3322 Juncaceis
838 3267 972 3320 niiinia.

254 3367 490 3427 *Aetolicum
526 3371 642 3421 Astelr'ne
655 3368 758 3422 herbae
771 3371 905 3438 adpressc
920 3370 1039 3422 villosae
1052 3371 1082 3420 in
1100 3367 1191 3421 insuia
1203 3366 1271 3420 Bie-

166 3457 247 3505 men,
266 3440 349 3493 Nora
363 3440 525 3502 Zeeiandia,
547 3441 674 3494 Anterica
693 3441 851 3491 avitarctica
869 3445 898 3490 et
911 3440 1011 3492 insulis
1025 3435 1271 3492 Sandwiccnsibos

126 3561 131 3567 .
167 3527 257 3578 super
265 3509 397 3560 arborum
408 3511 516 3560 truncis
525 3509 742 3560 'iillantisiorum
754 3523 830 3560 more
841 3509 1018 3576 ptarasiticac,
1033 3507 1177 3575 perigonio
1188 3509 1270 3558 serni·

168 3581 331 3662 glumaceo,
349 3575 521 3646 sexportito,
537 3577 814 3640 scantinibustriisua,
832 3579 958 3644 germine
968 3578 1054 3630 tri-v.
1064 3577 1271 3642 &inopinantis

168 3645 541 3714 ancontpietisurriiocuiuri‚
558 3645 645 3698 bacco
658 3646 894 3707 tri-unilocuiari,
913 3645 1104 3712 polysperma,
1123 3645 1270 3696 iuncaceis

168 3715 270 3769 affines
281 3713 445 3766 creduntur.
472 3713 569 3765 Facies
579 3717 647 3765 ntire
658 3713 805 3766 Veratrum
816 3715 844 3766 in
854 3721 972 3765 ntorr'tcnt
983 3721 1105 3766 revocat.
1129 3713 1270 3765 Sentinum

169 3789 318 3836 atrociora
327 3785 438 3854 penitus
447 3785 547 3850 ignota
560 3789 588 3834 et
602 3780 724 3834 affinitas
739 3783 831 3834 dubia.
867 3786 1018 3846 ilungaros
1032 3781 1173 3834 suii'rutex
1187 3782 1215 3832 in
1228 3782 1269 3835 in-

170 3853 232 3904 suia
244 3853 314 3904 Jara
331 3851 487 3904 monticola
504 3851 637 3918 germinis
650 3851 823 3904 trilocoiaris
838 3852 941 3903 ioeuiis
955 3851 1110 3918 gemmulas
1125 3850 1269 3904 solitarias

169 3919 346 3985 insentibus,
364 3921 452 3974 bacca
461 3920 564 3972 abortu
572 3935 769 3990 nrouospermo
777 3923 891 3971 Aetoliae
900 3919 993 3972 uiiinis
1003 3920 1117 3972 dicitur.

221 4047 296 4094 tort.
313 4045 414 4093 Astatia
425 4041 513 4088 Bonis
522 4051 544 4090 et
555 4041 607 4090 Sol.
684 4045 689 4056 ¹
775 4051 777 4058 ·
789 4045 864 4092 doda.
882 4047 1022 4103 llaagnana
1034 4043 1117 4090 Blum.

365 4103 497 4146 iiamolinin
506 4103 534 4145 A.
545 4102 612 4146 incl.

364 4155 473 4200 ti'unlrin
485 4155 564 4200 li'illrt.

252 4261 492 4332 *liupatone
527 4265 664 4325 liupatone
677 4264 705 4316 in
718 4263 863 4316 limenio-ae
875 4266 1002 4332 tropicae
1016 4256 1161 4329 paludosis
1175 4257 1270 4325 vigen-

171 4336 221 4396 tes,
238 4329 674 4396 foliisredicalibnslinearibus,
691 4333 911 4403 scapoancipiti,
929 4327 1269 4395 floribuscopitato-con-

171 4401 269 4468 petis,
285 4401 437 4454 inrolucro
452 4397 579 4467 diphylio
593 4401 680 4470 louge
689 4401 864 4470 acuminato,
882 4396 1104 4461 nimionimio,
1121 4395 1269 4466 unilatera·
