2988 5040
608 377 611 386 '
692 377 760 440 aot

172 589 224 636 nisi
238 599 271 634 ex
284 597 334 636 usu
347 597 416 634 non
428 587 599 643 proiemeatm
612 585 779 636 immoderato.
813 591 895 644 stoue
908 586 949 635 ils
962 587 1059 643 naides
1069 586 1281 636 tentiulrlverbis

171 656 334 716 omissis,
348 655 517 714 perempnis,
530 665 596 713 cose
603 655 785 706 murioerrnn
794 656 978 716 crdoiaraltur,
991 659 1126 711 pharmaca
1135 659 1281 713 discurrere,
1371 661 1374 666 '

172 726 264 782 iugem
276 735 363 772 corum
375 723 486 780 dinatio
499 727 524 770 et
532 724 613 770 rinus
622 727 740 780 postolat.
774 727 814 772 Ac
822 726 927 780 primum
936 724 1035 780 puidam
1043 727 1075 770 de
1081 725 1212 772 medicatis
1221 725 1282 770 cin·

173 794 284 840 morai
294 796 404 840 aromate
412 791 547 840 corticibus
556 793 732 864 annaurim
740 794 871 840 celebratis
879 794 955 842 laude
962 794 1094 841 dicandum
1102 797 1148 840 est.

257 880 335 924 omne
348 882 431 924 autem
440 877 699 924 cinnamomiierarum
713 889 793 936 genus
803 875 1010 934 [armamentum
1020 878 1109 936 Nees.)
1124 880 1171 924 sub
1184 875 1279 924 fervido

173 945 255 995 Asiae
267 949 350 1004 coeio,
367 945 394 1001 in
410 945 517 991 unciani
532 945 687 1001 potissimum
700 949 753 994 solo
767 958 887 1006 nascens,
906 959 938 993 ex
949 947 1069 994 aromatis
1083 945 1207 993 salumin
1217 947 1280 992 duas

173 1015 225 1062 abit
234 1015 370 1070 sectiones,
383 1025 471 1069 nempe
481 1025 534 1072 ess,
548 1025 653 1070 quarum
663 1019 748 1061 cortex
757 1020 781 1061 et
791 1015 852 1062 tolia
861 1016 934 1062 odore
943 1017 1051 1071 gaudent
1059 1027 1125 1061 mere
1134 1012 1210 1072 dnicl,
1225 1013 1281 1059 cin-

173 1093 315 1142 uemcmeo,
334 1085 492 1137 comptiorem
505 1083 572 1129 omni
585 1085 616 1129 ad
626 1084 692 1130 imas
701 1083 799 1129 radices
808 1085 919 1141 detruso,
938 1087 1014 1128 eleas
1024 1093 1129 1137 quarum
1137 1082 1280 1135 aromatum

173 1151 258 1198 scmus
273 1155 324 1210 esi,
343 1157 367 1196 et
380 1151 453 1196 odore
463 1151 546 1206 magis
558 1151 851 1208 minusvecsryopuyiio
865 1152 1000 1199 aromatico
1008 1151 1103 1214 simile,
1121 1153 1281 1207 campiuornta

174 1219 201 1266 in
210 1217 343 1265 nonnuliis
351 1220 460 1264 mixtura
468 1221 638 1274 praevalente.

261 1300 424 1348 cinnamomi
436 1299 532 1364 deier'r,
551 1307 605 1352 cieo
620 1307 734 1351 aethereo
747 1301 983 1359 pecoliarisindoils
993 1303 1064 1364 ioeti,
1082 1313 1199 1352 mucosae
1208 1313 1279 1349 acre—

175 1371 242 1419 dinis
256 1377 280 1418 et
289 1370 469 1428 adstringentis
478 1375 554 1428 piane
563 1373 686 1432 expertis,
703 1373 880 1420 variamerces
890 1376 940 1434 est,
959 1373 1049 1429 partim
1059 1386 1072 1419 e
1081 1372 1160 1420 uariis
1169 1373 1279 1426 eiusdem

173 1441 275 1498 generis
288 1440 420 1494 speciebus
434 1442 551 1501 collecta,
569 1440 658 1496 partim
668 1446 738 1496 prout
748 1455 761 1487 e
771 1441 889 1497 sylvestri
898 1454 922 1488 v.
932 1447 988 1488 sata
997 1444 1096 1500 arbore,
1114 1453 1138 1488 v.
1149 1442 1223 1494 plane
1231 1443 1279 1486 sun

174 1509 258 1556 alieno
268 1511 337 1554 coeio
346 1509 426 1566 cuiia,
445 1509 583 1555 detrahitur
590 1509 670 1556 uaria.
700 1505 799 1554 cnriea·
810 1507 970 1554 cinnamomi
977 1509 1052 1554 acati
1058 1523 1079 1556 s.
1089 1505 1220 1568 zeylcnici
1227 1507 1279 1562 pri·

173 1588 230 1624 mae
247 1578 274 1622 in
291 1576 400 1622 cilicinis
418 1576 548 1633 dignitatis
565 1581 612 1624 est.
646 1577 759 1624 Racilius
776 1578 842 1624 sistit
860 1579 886 1624 in
901 1579 988 1624 indiae
1001 1578 1119 1634 emporiis
1132 1579 1209 1624 multo
1221 1587 1279 1622 aere

172 1647 313 1699 redemptos
326 1650 351 1690 ei
364 1645 470 1692 nauibus
483 1646 516 1692 ad
529 1657 575 1692 uos
585 1650 751 1702 transvectos,
770 1648 871 1701 pedales
880 1653 904 1694 et
913 1647 1112 1704 sesquipedales,
1131 1644 1279 1692 teretioscu-

171 1717 224 1770 ios,
244 1712 317 1768 digiti
329 1713 458 1772 crassius,
476 1726 490 1759 e
504 1714 602 1760 corticis
617 1713 715 1772 tragiiis
725 1718 826 1762 chartae
835 1715 982 1770 scripturire
990 1715 1102 1762 drmiorls
1111 1713 1279 1760 crassitudine

172 1781 268 1828 tubulis
277 1781 405 1842 pluribus,
423 1780 474 1828 sibi
483 1780 589 1828 inuicem
599 1787 667 1828 arcte
676 1783 876 1839 superimpositis
886 1788 908 1828 et
918 1783 1070 1844 convolutis,
1083 1783 1120 1828 ita
1129 1785 1277 1836 exstructos,

173 1857 199 1896 ut
210 1860 319 1895 vacuom
328 1851 424 1895 nulium
434 1849 460 1896 in
469 1855 551 1896 centro
561 1855 695 1897 remaneat.
735 1851 808 1896 Color
817 1853 1001 1900 cinnamomeus
1010 1851 1051 1898 sui
1060 1856 1098 1897 est
1107 1849 1217 1910 generis,
1236 1849 1277 1904 qui

172 1919 199 1964 in
213 1918 314 1963 corticis
324 1918 417 1974 pagina
426 1917 547 1964 exteriore
556 1919 658 1965 dilutior
666 1919 693 1965 in
702 1919 793 1966 davum
803 1921 892 1980 vergit,
902 1920 927 1966 in
937 1920 1053 1965 interiore
1062 1919 1142 1974 magis
1152 1916 1278 1964 suscessit.

172 1985 271 2034 (latoris
283 1985 349 2031 inter
359 1991 486 2042 utromque
496 1987 612 2044 paginam
623 1986 768 2048 discrimen,
787 1989 929 2034 accuratius
939 1999 1042 2034 examen
1051 1991 1192 2034 structurae
1201 1995 1277 2040 quae-

173 2056 230 2102 darn
243 2053 379 2100 diversitas
392 2055 529 2114 cortdrmnt,
548 2059 572 2101 et
584 2059 687 2102 stratum
701 2055 815 2102 exterius
824 2056 951 2116 corticem,
970 2055 1074 2102 interius
1083 2055 1172 2100 librum
1183 2051 1278 2100 arboris

173 2123 263 2170 sistere
276 2127 390 2176 apparet.
423 2125 486 2168 Nam
499 2125 555 2170 iens
567 2124 649 2170 vitrea
661 2123 688 2170 in
701 2123 831 2178 superficie
844 2124 966 2172 exteriore
978 2123 1053 2170 fibros
1066 2123 1199 2178 conspicue
1208 2133 1277 2168 mon·

174 2190 454 2252 strationgitudinaies,
471 2192 629 2252 pallidiores,
647 2193 795 2239 edbriiiuiis
806 2191 960 2239 tenuissimis
973 2193 1106 2250 conicias,
1125 2201 1199 2250 cuae,
1218 2190 1277 2235 nine

174 2259 231 2306 inde
243 2270 260 2304 a
272 2271 301 2306 se
316 2258 427 2305 invicem
435 2257 601 2319 discedentes,
621 2271 702 2306 remos
714 2262 827 2307 emittunt
838 2263 980 2308 universum
990 2261 1105 2308 corticem
1115 2261 1184 2306 uuilo
1193 2258 1278 2316 ordine

173 2331 359 2388 percurrentes,
377 2338 434 2373 mox
443 2339 530 2374 rursus
539 2329 566 2373 in
575 2340 650 2374 unum
660 2332 787 2376 collectae.
822 2331 971 2376 Fibriiluiae
980 2333 1026 2376 sub
1040 2323 1204 2383 microscopio
1218 2338 1277 2371 con·

173 2395 298 2442 sideratae
312 2395 392 2442 tubuli
406 2400 463 2441 sunt
477 2395 609 2452 pellucidi,
627 2398 750 2454 continui,
769 2397 882 2454 granulis
895 2397 1072 2444 minutissimis
1086 2395 1184 2455 repleti,
1202 2401 1277 2448 atque

172 2465 287 2510 itorarurn
302 2464 457 2510 corticaiium
466 2475 511 2510 seu
520 2465 603 2518 potius
612 2465 669 2510 iibri
680 2465 825 2512 uetustiora
834 2471 949 2512 naturam
957 2467 1096 2512 ostendunt.
1130 2462 1228 2520 Pagina
1238 2461 1278 2508 iu·

175 2533 250 2579 i'erior
258 2531 351 2588 [tiber]
362 2535 443 2577 colore
452 2533 592 2592 obscurior,
607 2532 673 2578 facie
682 2533 781 2592 dorosa,
792 2545 882 2588 sapore
891 2539 913 2580 et
924 2536 996 2579 odore
1006 2533 1105 2580 fortiore
1114 2535 1145 2578 ab
1155 2529 1277 2578 exteriore

174 2599 296 2658 (cortice)
307 2599 468 2656 dignoscitur.
494 2603 634 2648 Tubercula
643 2615 656 2647 e
665 2603 728 2648 libro
739 2601 875 2656 prominent
884 2601 991 2662 minuta,
1006 2610 1160 2659 compressa,
1174 2597 1277 2646 erediis

173 2670 365 2722 medullaribus,
384 2667 473 2714 librum
487 2675 511 2714 et
523 2670 605 2725 ipsum
619 2671 734 2716 corticem
745 2671 895 2717 intrantibus
904 2671 1052 2730 compositam
1071 2669 1175 2734 discisso
1184 2677 1276 2714 secun-

173 2739 230 2783 dum
247 2737 426 2792 longitudinem
444 2737 534 2783 cortice
551 2743 576 2783 et
593 2743 687 2784 armato
700 2739 810 2785 ualidius
823 2743 894 2798 oculo
906 2739 1072 2798 considerato,
1091 2737 1133 2783 isti
1146 2737 1275 2794 apparent,

175 2807 239 2852 inter
252 2805 310 2850 libri
325 2807 433 2851 cellulas
446 2808 520 2852 ualde
529 2808 671 2866 elongatae,
689 2809 778 2862 partim
787 2808 918 2866 hyalinss,
937 2805 1126 2862 partimiiavido
1136 2806 1216 2852 ociore
1227 2803 1276 2848 iin-

173 2881 241 2932 ctas,
260 2880 377 2927 tanquam
394 2873 502 2920 lineolae
519 2877 616 2934 breves,
635 2879 767 2934 oblongae,
786 2877 900 2931 utrinque
917 2879 1018 2934 acutae,
1036 2879 1110 2930 atoue
1124 2887 1137 2920 e
1149 2871 1276 2920 liseriatis

173 2943 275 2989 ceiiuiis
288 2941 418 2988 coniiame.
451 2943 545 2988 Rodios
558 2943 707 2991 medullatas
719 2943 781 2990 istos
793 2944 902 2990 minores
915 2944 1063 2998 puylotonis
1076 2943 1155 2990 dictos
1164 2945 1275 3000 apparet,

172 3011 216 3065 cui
228 3011 324 3066 liquore
338 3013 411 3056 rubro
424 3011 513 3065 repleti
526 3013 645 3058 aromatis
657 3009 868 3068 praestantissimi
880 3025 955 3060 uerus
969 3012 1024 3058 icns
1037 3015 1107 3071 sunt,
1126 3012 1191 3058 unde
1199 3009 1275 3056 simoi

172 3083 251 3136 patet,
271 3077 425 3126 cinnamomi
443 3084 510 3126 tanto
526 3081 731 3134 praestantiorem
740 3093 798 3128 esse
811 3093 931 3142 mercem,
950 3093 998 3136 qus
1011 3081 1091 3136 magis
1108 3079 1173 3126 liber
1185 3088 1201 3122 s
1214 3080 1277 3123 suii-

172 3147 268 3194 stsntia
281 3147 396 3192 corticaii
409 3147 483 3194 tuerit
496 3148 643 3196 denudatus.
679 3150 866 3196 cinnamomum
878 3153 978 3196 acutum
991 3147 1143 3195 cilicinarum
1153 3159 1167 3191 e
1178 3143 1275 3190 cr'nao·

171 3227 254 3260 moseo
270 3213 405 3272 aeyiaaico
422 3217 495 3263 Nees.
509 3217 646 3276 colligitur,
664 3217 752 3264 humili
765 3222 852 3265 arbore
864 3230 889 3264 v.
903 3216 1037 3275 fruticosa,
1055 3217 1113 3260 oiim
1129 3228 1143 3260 e
1156 3211 1276 3268 sylvestri

172 3284 250 3338 stirpe
260 3282 374 3344 petitum,
391 3285 463 3330 nodie
472 3284 671 3339 frequentissime
680 3298 694 3331 e
702 3285 766 3332 satis
776 3298 820 3341 per
828 3289 902 3332 vasta
911 3287 1023 3330 arboreta
1032 3283 1131 3338 plantis.
1157 3281 1277 3336 seligun-

175 3357 215 3398 lur
228 3353 260 3398 ad
273 3353 350 3398 talem
363 3355 486 3399 culturam
498 3353 548 3398 ioci
561 3354 695 3413 nemorosi,
713 3357 743 3399 ob
752 3357 834 3400 sotum
843 3351 1099 3411 arenoso-limosum,
1116 3354 1190 3398 dumo
1199 3361 1275 3406 vege-

119 3415 123 3420 '
173 3419 245 3466 cmiii
257 3420 361 3466 mixtum
375 3420 535 3468 cinnamomo
548 3422 625 3482 prati,
644 3425 669 3468 et
682 3421 775 3468 excisis
788 3421 919 3468 arboribus
928 3425 950 3467 et
960 3420 1092 3466 fruticibus
1100 3419 1137 3465 ita
1145 3421 1275 3466 coiiuoad·

175 3494 225 3547 tur,
249 3495 276 3534 ut
296 3488 355 3534 ilinc
371 3487 430 3534 inde
448 3489 599 3535 frondiferae
616 3495 771 3549 remaneant,
795 3501 899 3545 quarum
918 3493 1004 3536 umbra
1022 3491 1145 3535 moderate
1163 3485 1274 3547 detensa,

170 3557 292 3611 iuuenilis
307 3557 462 3603 cinnamomi
475 3569 549 3613 seges
562 3560 656 3604 laetius
669 3559 802 3606 increscat.
839 3559 946 3616 Lignum
964 3557 1053 3604 deinde
1070 3559 1202 3604 collectum
1219 3558 1275 3603 ioco
1304 3564 1306 3570 ¹
1396 3589 1400 3596 .

173 3629 264 3671 remoto
274 3625 304 3670 in
316 3625 413 3672 eineres
426 3625 559 3685 redigitur,
578 3629 603 3673 ei
615 3627 714 3674 sciosic
723 3633 822 3688 parato,
839 3625 967 3674 mensibus
974 3626 1060 3687 iunio,
1077 3624 1146 3672 tolio
1155 3625 1276 3682 etliugu·
1354 3684 1358 3693 Ι

173 3697 224 3752 stc,
242 3703 290 3746 nuo
309 3697 416 3748 tempore
434 3695 589 3742 cinnamomi
605 3697 739 3750 sylvestris
756 3695 853 3744 tructus
869 3699 1050 3755 maturescunt,
1070 3698 1135 3740 terra
1151 3691 1275 3740 distinctis

172 3760 321 3820 htewaiiis,
334 3765 743 3820 senorumseptenorumvepedum
752 3764 843 3823 spatio,
857 3764 981 3824 effoditur,
996 3764 1032 3810 ita
1042 3763 1195 3810 utiormatae
1204 3772 1275 3808 areo·
1335 3765 1336 3768 ’

172 3831 224 3888 tae,
242 3840 310 3876 none
321 3829 386 3886 ligni
399 3830 482 3878 cinere
496 3832 645 3892 permixtae,
662 3831 779 3888 singulae
791 3837 965 3888 quaternorum
978 3832 1139 3887 quinorumva
1151 3829 1276 3876 fructuum

173 3901 306 3944 sementem
322 3898 453 3952 recipiant.
487 3901 569 3946 solem
587 3900 786 3956 superimpositis
803 3900 931 3948 frondibus
948 3911 965 3946 c
981 3899 1117 3959 piantuiis,
1134 3902 1189 3954 post
1201 3897 1275 3952 uultu·
1306 3916 1315 3922 -

171 3965 249 4011 decim
258 3967 290 4012 ad
299 3966 389 4022 viginti
398 3967 452 4013 dies
461 3969 667 4027 germinantibus,
680 3973 774 4028 arcent,
788 3972 812 4014 et
818 3968 970 4015 cinnamomi
979 3980 1052 4025 seges
1060 3979 1118 4014 mox
1125 3969 1191 4013 laete
1199 3965 1274 4020 viget.

172 4033 310 4080 &nstitoto
323 4035 350 4079 in
363 4038 417 4081 solo
430 4035 508 4082 iertiii
520 4037 600 4082 etrite
609 4040 695 4092 parato
704 4039 828 4096 arboreto,
846 4039 995 4084 arbusculae
1003 4048 1050 4084 sex
1059 4041 1083 4084 ei
1091 4039 1186 4089 septem
1195 4043 1274 4078 auno·

171 4112 224 4147 rum
238 4103 321 4157 spatio
334 4103 361 4148 iu
370 4107 503 4150 numanam
512 4109 660 4152 excrescunt
668 4105 836 4165 altitudinem,
855 4105 1050 4156 rarissimeanis
1059 4107 1174 4158 elapsum
1182 4110 1273 4146 nonum

170 4179 262 4217 annum
271 4171 470 4218 decorticandae.
487 4173 581 4220 Mensis
590 4174 755 4232 menseiiilno,
765 4185 813 4228 quc
823 4179 930 4228 tempore
939 4175 1030 4220 imbres
1036 4172 1133 4228 cedunt,
1143 4169 1274 4215 etarbores

170 4249 245 4285 succo
259 4243 370 4297 turgent,
388 4239 519 4298 inchoata,
536 4241 694 4288 intictobrim
708 4253 785 4297 moue
794 4243 951 4297 protrahitur.
984 4235 1123 4286 nominatis
1132 4235 1225 4290 negotii
1234 4235 1272 4282 di·

169 4307 304 4355 rectoribus
318 4312 343 4353 et
355 4307 550 4369 inspectoribus,
568 4309 711 4356 laborinter
719 4311 846 4365 operarios
855 4308 1012 4366 [scalellas]
1021 4301 1272 4372 distribuitur,.psrii

168 4373 258 4425 minori
271 4386 396 4422 ramorum
409 4378 544 4438 abscissio,
562 4378 636 4425 alteri
649 4378 807 4426 decorticatio
815 4379 888 4425 cedit.
923 4379 993 4423 Tunc
1001 4373 1041 4422 iili
1050 4371 1145 4428 eligunt
1153 4373 1270 4423 ramulos.

169 4455 271 4500 quorum
284 4443 401 4492 corticem
411 4445 585 4504 iaciieeiigno
594 4446 660 4496 solvi
668 4459 741 4506 posse
749 4448 904 4507 intelligunt,
924 4439 1212 4502 trimuiospotisalmum,
1230 4440 1286 4510 om¹
