2988 5040
652 334 719 400 188

128 545 247 604 hecelo
267 541 374 602 elevati
393 549 428 600 el‘
441 543 544 619 parlim
563 539 696 619 ejusdcm
716 539 895 619 marginibus
913 543 1012 602 cincti.
1053 545 1158 604 Samen
1176 544 1241 604 nni·

131 647 204 698 min,
241 629 424 696 uncinalum,
462 627 661 704 integumento
689 637 856 700 ernslaceo,
893 628 990 706 fragili
1016 648 1043 688 v.
1070 631 1238 690 tenuissime

129 713 364 785 membranaceo,
393 712 450 771 bito
478 713 631 787 ventrali.¹
666 713 793 791 Embnyo
823 713 899 773 intra
921 714 1052 773 albumen
1077 735 1237 788 carnosum,

129 801 187 880 pius
205 801 298 859 minua
323 799 473 876 copiosum
496 799 667 876 hemetrepe
692 799 861 870 uncinalus,
889 801 1113 876 cotyledonr'bus
1137 800 1239 860 obion-

130 887 184 964 gis,
202 886 313 966 planis,
331 884 575 957 incumbentibus,
594 886 732 944 rudicula
749 876 816 963 plue¹
831 886 922 943 minus
940 886 1040 961 ionga,
1059 905 1172 966 supera.

597 1045 772 1090 unusne.

181 1147 255 1192 labb.
273 1139 555 1202 spicarprmsblume.
749 1145 824 1192 litae.
841 1143 918 1190 Ficus
932 1141 1055 1206 Tournef.

325 1204 454 1247 Aibranbie
466 1203 582 1248 ssaemclt.
895 1211 991 1254 Emm
1002 1211 1070 1256 Both,

180 1267 256 1312 ¹⁸⁵⁸·
274 1269 363 1312 M⁰r¹¹⁵
376 1261 499 1334 mmmef,
750 1291 825 1336 teau.
843 1288 1067 1336 consternatum.

325 1323 439 1380 Am1³¹1m
449 1325 502 1382 ⁸⁰1·
717 1362 724 1371 ‘
787 1372 810 1399 a.
825 1355 961 1410 Syebininm
971 1357 1039 1402 Delo.

272 1453 387 1500 lFaioua
397 1449 523 1497 Garmai.
787 1425 809 1468 ὸ·
823 1425 952 1468 mmm*
960 1424 1030 1484 ‘W'

182 1541 259 1585 idol.
277 1542 394 1584 illectura
404 1534 476 1584 Nult.

181 1609 257 1654 less.
274 1608 452 1653 uroumnnenn
465 1603 539 1653 rear.
841 1587 967 1636 exorans
976 1583 1067 1634 Forul-

325 1665 443 1721 Pnpyrius
452 1665 521 1711 um.

212 1785 411 1846 maleas.
447 1797 523 1856 Ordo,
542 1795 567 1841 ln
576 1806 647 1850 quem
660 1805 752 1854 genera
767 1796 853 1854 plura,
872 1793 951 1850 prima
965 1793 1029 1842 iacle
1042 1795 1172 1844 admodum
1185 1797 1239 1844 dis·

128 1861 358 1923 similiasstlorum,
376 1865 463 1910 Ficum
473 1864 680 1920 elllorstenias),
695 1863 857 1910 nibilominus
871 1865 955 1910 tiorum
969 1870 991 1909 et
1005 1864 1129 1910 fructuum
1144 1865 1240 1912 lubrice

129 1933 243 1988 apprime
260 1932 365 1978 intense
379 1934 553 1978 conuenientia
567 1933 754 1988 conjunximus,
773 1931 891 1978 eettldels
905 1937 927 1978 el
941 1933 1104 1988 Artocarpcis
1118 1933 1239 1980 arduitate

129 2002 259 2055 proximus
269 2007 315 2046 est.
349 2001 469 2046 illiserunt
483 2007 564 2047 autem
574 2006 674 2048 blureae
688 1987 832 2048 acellideis
845 2012 921 2046 succo
936 2003 1030 2058 lacteo,
1047 2001 1238 2062 inarescentia,

128 2070 259 2128 stigmate,
273 2069 370 2114 fructus
379 2070 462 2116 indole
471 2076 494 2116 et
505 2067 640 2116 albuminis
651 2071 735 2126 copie,
749 2071 780 2114 ab
789 2069 949 2122 ,artecnrpets
958 2073 1095 2125 gemmulae
1105 2070 1240 2118 directione

130 2145 154 2184 el
164 2137 300 2183 albuminis
310 2138 454 2192 praesentia
463 2139 586 2184 diuersae.
604 2139 751 2184 Urticareae
760 2149 848 2194 uerae,
857 2138 1003 2192 quibuscum
1014 2138 1073 2184 olim
1082 2141 1238 2200 conjunctae,

131 2217 209 2252 succo
218 2217 312 2264 eoueo,
331 2213 354 2251 et
363 2210 494 2260 embryone
504 2206 530 2252 in
539 2206 632 2252 semiue
642 2211 722 2252 erecto
732 2206 854 2260 antilropo
864 2207 1059 2261 distinguuntur.

216 2299 480 2372 Geogrnpinire.
515 2313 616 2354 blancae
633 2309 748 2364 regiones
768 2307 876 2363 tropicas
890 2309 1095 2363 subtreplcasnne
1107 2309 1239 2364 nlrlnsnne

129 2375 320 2432 salmurense
339 2378 460 2434 incolunt,
483 2378 508 2422 in
527 2377 630 2423 fervidis
646 2377 738 2423 veleris
756 2377 823 2422 orbis
842 2379 927 2432 paullo
945 2377 1071 2431 copiosius
1089 2383 1237 2425 crescentes.

130 2447 232 2492 rasas
242 2447 383 2492 Amerinam
397 2449 519 2491 borealem
534 2441 856 2500 temperatem'iniaebitanl.
891 2442 1161 2492 mansueriscam
1174 2446 1239 2494 Arta
1266 2503 1268 2508 Ι

131 2515 225 2562 ninere
242 2515 331 2573 petila,
350 2515 376 2560 ln
394 2515 494 2570 regione
510 2515 690 2562 mediterranea
706 2525 773 2560 nnnc
789 2516 892 2560 eleuata
905 2519 1011 2569 repetat.
1046 2517 1129 2572 moros
1145 2518 1238 2576 piures,

131 2583 189 2628 olim
199 2593 231 2628 ex
240 2582 318 2630 Asiae
332 2584 501 2637 penetralibus
513 2585 619 2646 allatas,
638 2587 684 2631 sub
695 2594 802 2629 noverca
812 2581 895 2629 sidere
904 2583 1022 2644 colimus,
1040 2583 1129 2628 biennis
1138 2587 1239 2630 nostrae

132 2645 380 2706 bandlarpnttenles.'
946 2674 950 2680 ³
1124 2655 1127 2662 ’

216 2746 437 2812 Quaillatcs
452 2759 475 2800 cl
487 2761 590 2804 usus.
625 2756 721 2802 Succns
733 2758 831 2802 iaciens
847 2753 872 2802 iu
886 2755 1035 2809 quibusdam
1048 2767 1139 2811 parcns
1153 2760 1176 2802 et
1187 2755 1239 2804 sere

132 2823 244 2881 decolor,
262 2821 288 2868 in
307 2823 367 2869 aliis
381 2823 495 2877 copiosus
509 2827 605 2883 manat,
623 2823 650 2869 in
663 2825 786 2880 plerisque
800 2825 867 2870 acris
877 2830 901 2870 et
910 2826 1063 2884 corrosivus,
1082 2826 1239 2872 substantias

131 2893 247 2936 ult-erras
259 2892 340 2951 uehit,
358 2904 372 2936 a
386 2893 475 2946 artibus
489 2893 516 2939 in
528 2890 610 2937 Mora
619 2893 734 2938 illannlta
745 2895 771 2938 ‘et
779 2893 884 2938 Acilium
894 2894 1061 2951 succinicum,
1080 2893 1106 2940 in
1117 2891 1239 2938 Μασίιινα

130 2961 279 3016 principium
298 2963 413 3006 colorans
431 2962 555 3015 proprium
574 2959 714 3021 (Mariua),
741 2967 766 3008 el
784 2961 810 3008 in
829 2961 943 3016 piurimis
958 2958 1067 3006 Ficulea
1086 2964 1171 3010 resina
1184 2965 1238 3008 eia-

131 3029 196 3074 stiea
212 3027 379 3074 nominandae
394 3033 460 3075 sunt.
493 3031 602 3076 Diversa
617 3031 704 3076 laticis
721 3030 748 3075 in
763 3030 869 3076 diversis
886 3031 1030 3089 speciebus,
1049 3031 1098 3076 imo
1115 3031 1141 3076 in
1159 3030 1239 3076 r'ariie

131 3099 244 3152 eiusdem
261 3099 364 3150 plantae
381 3097 481 3154 organis
499 3103 602 3156 nutura,
620 3100 795 3145 accedentibus
814 3099 965 3144 substantiis
982 3100 1194 3154 adstringentibns
1211 3098 1238 3144 ln

132 3165 236 3224 cortice,
255 3164 444 3220 mucilaginusis
463 3171 487 3210 el
504 3167 646 3212 aromaticis
664 3167 690 3212 in
709 3166 778 3212 loliis
796 3167 903 3220 allisque
917 3168 1029 3222 partibas
1041 3167 1240 3212 berbaeeiscon·

132 3233 220 3290 tentis,
247 3234 362 3279 diuersas
380 3233 488 3290 singulis
507 3235 559 3280 lere
575 3234 642 3280 vasli
661 3235 755 3280 ordinis
772 3235 903 3289 speciebus
921 3235 988 3279 vires
1006 3235 1135 3294 conciliat,
1163 3234 1199 3280 ila
1212 3237 1240 3280 ut

132 3301 280 3358 qulnnsdnm
290 3301 355 3346 inter
364 3303 472 3348 remedia
480 3303 600 3348 laniantia
610 3315 671 3348 usus
681 3305 838 3359 concedetur,
853 3303 909 3348 dum
920 3303 987 3348 eliae
995 3303 1096 3348 stimulo
1104 3301 1185 3358 magis
1195 3307 1239 3350 aul

131 3371 215 3418 nibus
233 3371 373 3416 vehementi
390 3371 416 3416 ln
434 3382 528 3427 organa
541 3384 586 3418 se·
599 3377 624 3431 et
637 3372 797 3418 excernenlia
809 3376 898 3429 want,
916 3374 1052 3418 nonnullae
1065 3372 1116 3416 sint
1128 3381 1240 3418 venena-

132 3439 252 3485 tissime.
288 3438 372 3484 Floria
390 3439 505 3486 diversae
522 3445 605 3494 parles
622 3451 697 3485 succo
711 3441 764 3486 acri
778 3439 871 3498 laetae,
890 3445 1018 3494 pasionem
1032 3439 1168 3486 intruetur
1183 3451 1239 3486 car-

133 3518 208 3552 nosos
227 3506 394 3568 adoleverint,
413 3510 546 3553 accedente
563 3509 678 3554 secabari
696 3513 720 3554 et
738 3515 813 3554 aucta
830 3508 989 3564 mucilaginis
1008 3509 1080 3564 capla
1098 3509 1124 3554 ln
1143 3515 1239 3555 tanlum

132 3576 279 3634 nitescunt,
298 3579 325 3620 ut
339 3575 420 3620 cibum
435 3578 545 3635 dulcem,
565 3577 662 3632 egregie
676 3577 824 3622 nutrientem
837 3588 862 3622 v.
876 3587 977 3622 amoeno
987 3581 1175 3632 temperamento
1185 3578 1239 3624 aci·

135 3645 220 3690 dainnr
243 3648 266 3688 et
287 3644 472 3698 refrigerantem
490 3645 613 3700 plurimae
629 3648 777 3705 praebeant,
800 3649 824 3691 el
840 3645 905 3692 inter
922 3646 1076 3692 diuersarum
1093 3647 1238 3702 monum

134 3712 244 3758 remedia
252 3715 399 3759 habeantur.

219 3794 312 3842 Morus
330 3797 407 3856 nigra
423 3800 452 3844 b.
471 3796 631 3854 (blaulloear)
648 3802 680 3844 ab
698 3799 880 3854 antiquissimis
895 3801 1044 3856 temporltrns
1057 3813 1101 3855 per
1113 3803 1239 3856 Europam

135 3867 186 3914 iate
203 3869 273 3911 culta
291 3863 379 3920 (arbor
396 3867 493 3922 persice
510 3867 576 3928 ent),
595 3866 690 3914 fructus
708 3873 828 3924 maturat,
847 3869 974 3925 perigenio
992 3880 1096 3915 carnoso
1112 3873 1238 3929 bancales,

134 3937 298 3992 menarum,
315 3945 413 3980 naucum
431 3941 454 3980 et
469 3935 568 3981 acidum
582 3941 708 3994 gerenies,
725 3937 821 3981 vintrus
832 3938 981 3995 nutrientes,
999 3941 1125 3984 solventes
1139 3945 1163 3984 el
1177 3945 1238 3984 tenr-

135 4007 260 4056 perantea.
296 4006 411 4050 maturae
419 4015 475 4048 cnm
483 4003 741 4058 eaccbmoinpltem
751 4002 818 4059 (ilob
827 4008 959 4052 baccarum
969 4005 1107 4060 moretm]
1117 4011 1203 4052 motae
1211 4006 1238 4051 ln

133 4071 241 4118 nucleis
254 4075 395 4118 servemur.
429 4073 471 4118 Ex
483 4073 622 4118 immaturis
635 4083 756 4128 asrnpnnr
767 4079 865 4128 parant.
900 4075 990 4120 cortex
999 4077 1093 4121 radicis
1102 4085 1157 4119 cnm
1167 4084 1239 4118 aere·

133 4139 191 4186 dine
199 4151 301 4186 amarus
310 4141 429 4186 naeniam
438 4151 528 4188 necare
538 4142 652 4187 ereditur.
687 4138 787 4186 Morum
797 4141 883 4188 cibans
892 4146 921 4190 b.
933 4147 963 4190 ob
974 4143 1106 4196 bombycis
1120 4143 1239 4194 pabulum

134 4217 151 4252 a
163 4207 233 4254 Sinis
251 4209 354 4262 petitum
371 4214 476 4256 constal.
510 4211 618 4256 Fructus
634 4209 741 4264 insipide
754 4212 840 4258 dulces
854 4211 937 4258 rarius
949 4213 1119 4264 comeduntur,
1138 4209 1163 4252 in
1182 4207 1240 4255 fau·

134 4277 199 4322 clam
217 4276 411 4322 lala-mationa
427 4277 511 4325 urbes.
544 4278 634 4324 lisdlci
650 4280 718 4325 uires
737 4275 871 4326 dlu'retlces
889 4285 912 4326 et
930 4276 1148 4325 anthelminllricas
1162 4277 1239 4323 sinae

134 4345 257 4403 tnbannt,
276 4355 353 4392 succo
366 4345 480 4392 loliorum
492 4345 584 4392 labrem
598 4346 797 4394 intermittentem
810 4349 870 4404 peili
885 4359 957 4404 posse
969 4347 1083 4401 credant,
1103 4343 1163 4391 lotia
1172 4347 1239 4400 apud

134 4417 258 4462 nutrates
271 4414 337 4462 inter
349 4415 459 4464 remedia
470 4415 624 4462 vulneraris.
659 4413 729 4462 ilioru¹
739 4413 842 4464 Mene
855 4417 928 4464 blnn.
943 4415 1039 4462 tructus
1051 4411 1159 4474 ecidnil,
1178 4413 1240 4460 lotis
