2992 5046
179 551 499 614 psammixiusintstutss
509 549 606 613 (como
615 553 759 600 tabuistsv.
769 552 922 616 ctrocoisdq)
934 537 1063 618 timetur,
1080 549 1282 617 qumumingess

180 625 247 681 apud
265 624 385 668 delicatos
403 623 571 676 lentioresque
587 632 649 667 usus
668 627 713 667 est.
748 621 888 681 citocoiudu
905 635 973 670 mera
992 619 1092 677 (Caene
1112 615 1241 666 medicato
1259 633 1281 666 s.

179 686 329 736 unicoraaa
338 690 476 745 sanitatis)
488 687 616 736 difficilius
631 685 762 746 digeritur,
779 689 898 735 Vaniiiae
910 703 934 738 v.
944 684 1099 736 cinnamomi
1113 695 1222 748 aromate
1235 690 1282 734 ad·

178 755 540 811 misinensrterwtoeotada
547 757 719 814 aromatica),
735 757 846 803 validius
855 745 974 804 stimoiat'.
997 759 1096 804 additis
1106 757 1281 816 nutrientibus,

178 824 301 882 imprimis
319 828 415 883 giutios
431 827 568 884 itchenico,
587 829 723 872 assutos
740 827 838 882 egregie
855 827 941 873 reiicit.
964 827 1100 872 -Seminum
1114 827 1283 880 mteeuueuts

179 894 236 952 tane
246 895 833 954 tostaintercedenssuccedsnesuumeteutur.
867 896 959 958 oleum¹
968 894 1072 952 pingue,
1091 895 1154 947 cuod
1167 905 1181 938 e
1194 895 1282 940 nucleo

179 963 230 1010 leui
248 963 306 1018 igne
325 969 387 1008 tosto
405 969 429 1008 et
446 974 527 1018 aquae
544 963 674 1008 bullientis
691 973 783 1018 vapore
800 963 969 1017 impraegnato
987 962 1133 1018 exprimitur
1146 957 1282 1016 (Butyrum

180 1029 292 1089 vacuo),
311 1032 365 1076 seui
374 1031 481 1086 speciem
492 1031 578 1090 refert,
598 1031 679 1076 cocao
692 1041 782 1085 sapore
795 1035 819 1075 st
832 1033 919 1086 odore,
939 1030 1073 1075 struncon
1087 1029 1227 1074 diutissime
1242 1039 1282 1072 re-

178 1099 254 1146 sistit.
289 1099 416 1145 Plurimae
433 1110 596 1154 conpsnerum
614 1100 642 1144 in
654 1097 769 1144 America
787 1101 934 1144 crescentes
941 1099 1038 1143 semina
1050 1099 1169 1151 prestent
1180 1095 1284 1142 mineris

178 1167 317 1223 dignitatis.
351 1169 373 1212 Ε
387 1171 464 1222 puipa
477 1167 573 1214 fruetus
588 1167 887 1220 destillationeiiuusrem
901 1166 1023 1213 fervidum
1033 1165 1283 1219 nmerioeotpsrsot
1341 1201 1344 1210 .

180 1232 386 1295 Gemmatum,
406 1237 542 1292 proximum
555 1235 725 1298 Thespro-ati
741 1237 766 1282 id
780 1247 859 1290 genus
873 1239 923 1292 ost,
942 1235 1037 1280 fructus
1051 1232 1284 1294 mucoso-adstrin-

178 1309 279 1366 gentes,
298 1303 323 1348 in
338 1307 436 1358 nerpete
453 1309 477 1350 et
494 1307 564 1358 lepre
581 1307 611 1348 stt
625 1304 783 1349 Americsnis
800 1305 942 1349 laudantur.
978 1305 1083 1357 Putpam
1101 1301 1284 1349 dulciuscutam

179 1377 284 1429 sugunt,
303 1377 328 1417 et
342 1375 511 1426 praeparando
525 1371 654 1430 termento,
673 1371 738 1417 inter
750 1374 876 1427 potulento
885 1371 1028 1430 Cererisiac
1039 1371 1064 1415 in
1074 1368 1283 1427 iocumsdmisso,

179 1440 304 1486 adsident.
333 1439 478 1486 Biittneriae
487 1444 510 1486 et
520 1439 676 1486 tvuitseritte
685 1439 770 1494 piures
778 1441 843 1485 inter
852 1439 960 1485 remedia
970 1450 1040 1484 muco
1050 1438 1174 1484 saintsrio
1184 1437 1210 1481 in
1219 1436 1284 1498 Asis

178 1509 273 1564 psriter
286 1518 316 1552 oc
330 1508 356 1553 in
369 1507 486 1554 Ameries
497 1507 524 1554 in
538 1517 612 1557 osum
624 1513 752 1555 vocantur.
787 1505 962 1566 Pteroepermt
971 1505 1108 1565 Heyoecmi
1116 1508 1195 1554 wstt.
1210 1502 1284 1558 (siu-

178 1574 314 1630 itutsunds)
326 1575 441 1630 irenaeus
449 1577 515 1632 sputi
524 1577 599 1622 indos
611 1576 671 1622 ustis
679 1582 726 1622 est.
760 1577 848 1622 riores
860 1577 957 1622 mucusi
970 1577 996 1621 in
1009 1578 1161 1630 gonorrnoee
1174 1575 1282 1620 laudan-

180 1647 231 1702 tur,
250 1643 390 1688 contritsin
400 1647 526 1697 puiverem
537 1644 840 1690 ioiiai'straciinmodum
854 1645 957 1690 narinus
973 1648 1083 1702 tranunt,
1103 1643 1283 1698 praesentaneo

175 1701 331 1765 'cephalaese
345 1722 465 1756 nervosae
480 1711 594 1757 remedio.
629 1713 650 1756 Ε
666 1707 841 1767 Pterospermd
851 1709 1036 1769 glabrescentis
1051 1713 1093 1756 W.
1103 1715 1126 1756 et
1137 1707 1198 1756 Ain.
1214 1707 1283 1754 iciiis
1311 1751 1316 1757 .

177 1777 287 1826 {omenta
305 1785 401 1833 parant.
442 1775 757 1842 Pterospermi‘uurifoiis'
768 1781 857 1826 Wiiid.
879 1779 950 1826 tiores
972 1789 1044 1826 muco
1066 1779 1166 1834 copioso
1189 1775 1283 1836 referti,

180 1847 266 1894 timum
275 1851 439 1894 msit'ssioco
448 1851 516 1894 sunt.

264 1973 686 2046 *Philippotlentlretm
722 1977 847 2030 Arbore
866 1977 1016 2030 seminibus
1035 1975 1234 2048 nepaiensihus
1253 1975 1283 2026 in

145 2083 150 2093 .
179 2039 295 2112 Europa
308 2056 388 2110 nata,
408 2047 532 2114 pluribus
548 2047 623 2097 notis
638 2048 673 2099 ad
684 2046 899 2098 Biitineriaceas
915 2047 1038 2111 accidit,
1057 2045 1172 2098 floribus
1188 2045 1283 2095 stami·

179 2115 288 2180 nigerrs
299 2122 328 2166 ct
342 2117 404 2184 ipsu
419 2113 515 2166 fructu
530 2115 687 2166 adhucdum
702 2115 849 2183 incognito
862 2115 1020 2167 subdubius
1034 2115 1196 2176 affinitatis,
1213 2113 1283 2164 rcri-

178 2182 312 2234 simiiitcr
326 2185 393 2234 nuri
407 2183 517 2240 ordinis
530 2191 628 2250 typus,
646 2185 812 2236 staminibus
822 2185 850 2236 in
861 2183 932 2236 flore
942 2186 1115 2253 pistiiiigerc
1125 2181 1282 2242 sti-ritibus,

179 2251 209 2302 in
225 2251 325 2302 tubum
338 2251 433 2302 medio
448 2253 560 2307 laciniis
573 2251 743 2320 spathuiatis
756 2253 1017 2320 appendicuiatum‚
1036 2265 1066 2305 et
1079 2252 1206 2320 germine
1221 2250 1282 2300 uoi-

179 2319 315 2383 iocuiaii,
332 2321 501 2388 gemmuiam
520 2322 631 2371 unicam
650 2320 800 2388 pendulam
818 2319 947 2384 iouente,
961 2323 1091 2390 insignis.
1126 2319 1200 2370 iiuic
1218 2318 1282 2368 stir-

179 2401 242 2456 pem
260 2389 392 2450 aiteram,
420 2403 454 2440 ex
473 2389 646 2452 Mariannis,
672 2395 704 2440 ut
723 2389 883 2456 perhibent,
910 2392 1045 2454 relatam,
1071 2388 1195 2441 nondum
1213 2386 1284 2436 satis

180 2457 337 2523 cognitam,
353 2455 402 2506 sed
412 2459 504 2524 priori
514 2457 560 2510 vix
570 2455 765 2522 nouuiiiocm,
782 2457 990 2525 subjunximus.

582 2623 587 2633 .
648 2585 822 2632 Gaurus.

161 2672 168 2686 '
248 2681 325 2728 5³³8.
342 2679 646 2740 Phiiippodendroni’oit.
813 2685 889 2732 utto.
907 2681 1161 2732 Biassoiettisi'resi.

465 2894 571 2954 orso
589 2897 747 2956 ccxlv.
783 2899 999 2959 manaseas.
1074 2871 1081 2881 ’

263 3017 401 3078 Arbores
417 3039 445 3078 v.
454 3017 601 3098 frutices,
619 3023 764 3082 rarissime
782 3023 908 3095 herbae,
925 3024 1001 3103 pube
1014 3024 1151 3103 simplici,
1169 3039 1283 3084 comosa

179 3123 208 3164 v.
226 3105 351 3165 steiiata.
396 3105 483 3164 Folia
501 3105 611 3164 aitcrna
630 3117 679 3164 aut
696 3109 840 3172 rarissime
859 3110 1003 3186 opposita,
1030 3110 1185 3186 simplicio,
1212 3126 1283 3187 peu-

179 3191 309 3250 ninervia
326 3191 607 3270 mipaimotincrvim·
626 3191 739 3270 integra
756 3211 786 3251 v.
807 3193 1003 3272 paimotiioba‚
1023 3205 1153 3266 crocata,
1173 3201 1284 3252 serrata

178 3294 207 3335 v.
223 3274 337 3334 dentata
344 3318 353 3345 ‚
371 3277 540 3354 saepissime
559 3275 710 3349 corimca,
731 3276 830 3336 subtus
848 3279 1148 3349 reticulato-venosa,
1166 3277 1284 3356 stipulis

179 3357 217 3420 ati
239 3361 329 3421 busim
352 3361 524 3441 peticionum
547 3361 683 3438 geminis,
712 3361 824 3434 liberis,
853 3362 983 3423 deciduis
1007 3373 1055 3424 aut
1077 3364 1170 3422 rarius
1192 3361 1285 3441 persi·

180 3448 330 3508 stentibus.
374 3447 479 3506 Flores
505 3447 629 3526 perfecti
656 3467 684 3506 v.
709 3447 855 3508 rarissime
882 3449 1060 3526 imperfecti,
1097 3448 1232 3508 axiiiores
1255 3465 1283 3504 v.

179 3533 272 3592 rarius
300 3533 480 3603 terminales,
513 3532 650 3603 solitarii,
683 3535 826 3592 racemosi
852 3555 879 3594 v.
908 3535 1086 3614 corymbum,
1119 3531 1203 3607 nudi,
1235 3541 1285 3591 aut

179 3616 334 3688 bracteati,
362 3615 455 3675 rarius
482 3615 655 3675 invoiucciio
683 3619 880 3698 pamphylio,
906 3619 1020 3678 vuivato
1043 3621 1142 3680 cincii.
1189 3620 1285 3696 Calpo

178 3712 473 3782 tetro-pentamerus‚
502 3702 610 3760 ioiioiis
632 3701 732 3762 iibcris
750 3723 777 3762 v.
795 3704 967 3784 piuslminus
986 3709 1131 3778 connatis,
1159 3707 1284 3765 aestiva-

178 3787 260 3845 tione
282 3788 417 3859 volvatis,
445 3786 585 3848 deciduis.
632 3789 771 3848 Corollne
794 3791 888 3868 petaio
910 3791 1019 3870 csiycis
1038 3792 1147 3854 ioiioiis
1163 3809 1284 3854 ¹rrurucro

179 3871 312 3950 aequalia
338 3883 369 3932 et
394 3873 519 3945 alterno,
545 3869 583 3934 ati
608 3874 699 3934 basim
723 3876 781 3934 tori
803 3876 929 3954 pioni-v.
953 3877 1142 3956 stipitiiormis
1164 3879 1282 3947 inserta,

85 4007 90 4012 .
178 3950 380 4034 “unguicuiatm
413 3957 474 4016 hosi
501 3979 588 4039 saepe
615 3960 731 4019 ioveoia
756 3961 794 4020 νζ
815 3960 960 4039 squamuia
986 3973 1084 4034 aucta,
1116 3964 1230 4040 integra
1256 3979 1283 4019 v.

180 4044 264 4121 spico
282 4043 372 4100 ineisa
390 4053 438 4102 aut
455 4044 732 4116 fimbriato-iacens,
756 4047 944 4104 destinatione
962 4047 1126 4119 imbricato,
1150 4043 1282 4118 decidua,

179 4124 322 4188 interdum
342 4127 428 4185 nulia.
473 4130 607 4188 Stamina
626 4132 769 4189 rarissime
790 4131 919 4204 definita,
944 4131 1028 4211 dupio
1048 4131 1212 4192 ioiioiorum
1236 4151 1284 4189 ca-

179 4213 255 4293 iycis
273 4230 406 4283 numero,
425 4214 591 4290 saepissime
609 4213 770 4288 indefinita,
789 4219 859 4289 tori,
879 4209 966 4296 saepe
984 4220 1015 4276 iu
1028 4219 1152 4295 stipitem
1167 4216 1283 4276 brevem

180 4298 287 4358 elevati
300 4299 376 4378 spici
389 4297 590 4376 piuriseriatim
606 4301 727 4373 inserts,
744 4301 807 4362 imsi
827 4302 955 4381 ejusdem
973 4303 1104 4382 margine
1123 4301 1282 4374 diseoideo‚

181 4385 296 4465 integro
317 4405 348 4448 v.
373 4384 472 4446 ioirsto
498 4385 607 4462 uidete,
635 4387 729 4448 omnis
755 4387 875 4468 fertilis,
899 4407 927 4451 v.
952 4383 1150 4472 nonnunquam
1176 4389 1284 4450 extima
