2988 5040
627 411 632 420 ,
700 343 772 409 204

186 561 280 606 tantum
298 556 407 614 accedit,
426 561 453 603 ιιι
470 555 574 612 quodam
589 553 664 602 faciei
677 551 822 601 discrimine
834 551 928 611 potios,
947 557 972 600 ει
984 561 1144 610 squamarum
1158 559 1290 612 apparatu,

186 627 277 680 nultos
289 617 394 684 stirpes',
413 631 485 672 extra
497 625 605 678 tropicon
618 623 720 679 ohvtae,
738 626 779 669 vel
793 621 821 668 ln
834 623 975 678 regionibus
993 622 1162 678 intratropicis
1177 627 1292 670 excelsos

185 699 282 740 montes
291 695 440 750 incolentes,
459 697 591 738 nascentes
600 703 710 748 gemmae
720 693 840 736 adversus
850 700 928 736 aurae
937 691 1135 737 vicissitudinem
1144 691 1288 751 defendunt,

186 772 258 818 quum
269 763 327 808 uilis
336 761 493 820 gravioribus
502 761 569 806 notis
584 755 777 807 adinnau'nonrie
793 759 968 814 distinguatur.
1006 755 1154 816 comploro
1168 757 1293 820 officina·

186 841 244 874 rum
252 832 325 875 Nece.
334 830 360 876 in
369 830 477 884 Japouia
486 834 510 874 et
518 829 598 875 China
607 828 726 872 nascitur.
749 827 1068 884 Exhujuearhorlsiigno,
1087 827 1293 883 ramieioiiieque

185 899 295 944 concisis
308 899 378 944 sicca
391 897 559 944 destillatione
574 891 721 952 Octaphoro
735 891 864 940 eftr'nenrfa
875 906 899 939 v.
910 891 1036 952 japonioa
1048 907 1069 941 s.
1083 891 1166 950 cruda
1182 903 1293 956 paratur,

186 977 250 1021 qaae
263 967 330 1012 intra
343 965 478 1022 alencion,
497 971 589 1010 eterra
603 971 685 1020 cocta,
704 963 825 1009 stramine
839 974 929 1017 oryaeo
941 963 1057 1016 iunctave
1072 966 1166 1017 repieta
1179 971 1293 1022 excepta,

187 1033 213 1080 iu
222 1036 346 1088 Europam
357 1033 537 1087 transvehitur,
556 1032 647 1078 iterata
660 1030 839 1088 destillatione,
859 1033 958 1086 adjecta
971 1033 1041 1077 calce
1054 1032 1116 1078 uiua
1128 1036 1171 1078 ant
1185 1036 1292 1080 cerione

187 1103 343 1160 depuranda,
362 1106 436 1156 atone
452 1101 607 1154 uteeropteni
625 1099 734 1155 speciem
751 1099 831 1156 sistit,
851 1105 905 1153 post
924 1105 1084 1154 etraporatum
1102 1099 1177 1146 vivae
1196 1101 1294 1147 arboris

90 1219 93 1224 ,
186 1173 268 1216 oleum
281 1172 422 1215 aethereum
431 1167 640 1224 manoplenum)
650 1167 752 1213 residui.
786 1163 1211 1226 htiomeci'nnontomtneptanfcf
1223 1170 1292 1215 radl-
1316 1159 1321 1168 '

188 1237 260 1285 clitus
269 1237 431 1291 &amphoram
441 1238 550 1296 extrahi,
569 1235 773 1291 supradiximus.

273 1317 416 1384 Snornfror
434 1320 542 1380 lignano,
561 1320 711 1368 foeniculum
724 1320 825 1376 spirans
838 1325 861 1366 et
876 1321 969 1366 latente
982 1319 1058 1366 simul
1072 1319 1225 1376 camphorae
1239 1322 1293 1378 spi-

188 1389 236 1438 ritu
245 1392 382 1448 vellicans,
401 1390 520 1436 aronratis
529 1389 652 1448 speciem,
669 1388 825 1443 aliquomodo
835 1387 989 1442 cinnamomi
1003 1389 1138 1436 corticibus
1150 1391 1208 1436 letis
1222 1401 1292 1437 cam·

188 1459 312 1517 phoratia,
339 1459 425 1504 cortici
444 1459 587 1504 Guiiiawan
606 1463 630 1502 et
646 1468 762 1512 paptiano
781 1458 974 1512 comparandam
995 1460 1103 1512 praehet.
1147 1455 1293 1519 Sartosm

189 1508 333 1584 officinalis
342 1529 428 1586 Noas,
447 1527 543 1572 arhuris
552 1537 669 1584 magnae,
688 1525 714 1570 in
723 1525 840 1571 Amerina
849 1524 943 1570 boreali
953 1525 978 1569 in
988 1526 1070 1579 sylvis
1080 1531 1103 1571 et
1118 1527 1149 1572 ad
1162 1527 1293 1574 duriorum

187 1595 269 1656 ripas,
288 1594 419 1641 acanuda
431 1597 463 1641 ad
475 1594 601 1640 Floridam
615 1593 762 1654 crescentie,
780 1593 889 1651 iignum,
906 1593 1029 1647 imprimis
1044 1604 1058 1638 ε
1075 1595 1158 1640 radice
1175 1601 1292 1656 sumtum,

188 1674 295 1710 necnon
309 1665 389 1708 oleum
408 1675 422 1708 e
439 1663 519 1710 trunci
538 1673 707 1718 ramorumque
724 1662 821 1723 cortice¹
833 1667 986 1721 extractum,
1004 1661 1070 1708 inter
1087 1663 1292 1710 transadanticas

190 1743 284 1778 merces
293 1731 431 1777 advehitur.

273 1812 379 1861 Laurus
391 1814 520 1862 nudilith.
533 1807 662 1877 (ticinen),
680 1827 713 1862 ex
721 1815 820 1880 (triente
829 1827 874 1871 per
883 1814 1008 1871 regionem
1016 1814 1222 1863 mediterraneam
1235 1828 1293 1872 pro·

188 1889 293 1943 pagata,
312 1885 439 1932 doctarum
451 1884 568 1932 frontinm
580 1885 690 1942 proemio
702 1891 848 1940 perpetuum
862 1885 939 1943 viret,
957 1890 982 1930 et
999 1884 1040 1930 eui
1057 1884 1156 1940 ponens
1174 1891 1292 1944 minate,

189 1953 261 2010 graui
278 1959 302 1999 et
320 1953 373 1998 acri
392 1949 536 2008 (Laun'na)
555 1959 642 2000 scatet
681 1953 754 1998 l'oiia
770 1953 919 2011 aromatica,
943 1951 1118 2009 amaricanda,
1145 1953 1228 2000 lenius
1247 1955 1293 1999 nd·

187 2021 351 2082 stringentia,
368 2021 420 2066 ruri
436 2022 508 2067 iiodle
526 2023 591 2076 apud
608 2021 717 2068 medicos
735 2033 810 2082 usus,
829 2020 982 2074 frequentino
1001 2020 1145 2066 condiendis
1164 2021 1227 2067 cihis
1246 2022 1291 2066 ad-

187 2091 332 2139 miscentur.
371 2091 453 2143 Maior
472 2091 605 2136 baccarum
622 2103 684 2138 usus
702 2095 753 2148 est,
780 2101 914 2144 equorum
932 2087 1120 2142 cotyledonihus
1136 2090 1216 2135 oleum
1235 2101 1292 2136 oum

189 2157 311 2216 principio
329 2157 381 2202 acri
398 2163 422 2202 et
439 2161 511 2213 grata
528 2157 666 2212 fragrantia
682 2159 782 2204 mistum
800 2157 907 2204 elicitur.
941 2153 1057 2200 Benzuin
1071 2153 1200 2218 cdonserr'
1211 2161 1292 2218 iteca,

189 2225 285 2276 arboris
298 2225 585 2282 boreali-emerim,
604 2236 689 2272 aroma
701 2226 800 2272 taurino
817 2227 900 2272 simile
917 2227 963 2272 aed
980 2225 1089 2283 gratius,
1107 2225 1229 2272 eluimus
1247 2228 1293 2274 ud-

188 2295 314 2350 octogena
323 2294 403 2346 maior
412 2299 462 2351 est,
480 2293 545 2338 undo
555 2293 655 2338 corticis
664 2293 763 2348 qnidam
772 2295 837 2340 inter
845 2293 983 2340 medicinas
992 2293 1130 2348 febrifugae
1140 2305 1209 2340 usus.

274 2362 360 2408 siccos
372 2361 553 2408 Laurinearum
566 2360 661 2408 fructus
674 2361 796 2416 insipidos
808 2373 865 2410 essu
873 2364 914 2408 vet
923 2359 991 2407 dulci
999 2363 1107 2418 gaudere
1117 2363 1292 2418 earyopltpiio·

190 2443 243 2478 rum
252 2431 360 2478 aromate
369 2431 492 2488 diximus,
510 2431 537 2476 ln
551 2430 664 2478 carnosis
676 2431 770 2486 pingue
780 2431 924 2486 producitur
936 2433 1030 2488 oleum,
1049 2430 1135 2476 addita
1148 2430 1175 2476 lu
1188 2431 1293 2484 ouibus-

189 2501 246 2548 dam
262 2499 412 2555 mucilagine
430 2502 453 2546 et
467 2502 586 2546 saccharo
599 2499 727 2558 sapidum,
745 2501 904 2554 cotyledoneo
918 2501 972 2544 oieo
985 2501 1132 2556 butyraceo,
1150 2507 1227 2554 saepe
1239 2499 1293 2544 acti

190 2574 213 2614 et
237 2569 370 2614 aromatico
391 2568 500 2614 imbutae
521 2572 588 2614 eunt.
632 2564 793 2612 dinnnmoosi
811 2569 943 2622 enjusdam
961 2563 1136 2622 (dumont
1150 2565 1294 2612 aronnnef

189 2639 275 2692 Neon,
293 2639 334 2681 uel
352 2635 468 2682 fortassis
487 2633 649 2694 cinnamomo·
664 2631 746 2680 duim
763 2635 850 2691 Nece.)
868 2636 965 2682 fructus
982 2634 1120 2695 immaturi,
1139 2635 1293 2682 adnihilati

184 2703 326 2762 ‘dompmsi
334 2709 358 2748 et
367 2715 383 2750 a
392 2704 479 2750 nativa
488 2703 568 2750 forma
576 2704 665 2763 alieni,
680 2699 787 2748 Floram
798 2701 905 2748 Oasm'ae
914 2715 939 2749 v.
950 2701 1123 2747 cimeliorum
1134 2701 1295 2747 OEnnnmorni

190 2771 414 2828 (Zimmthidthen)
428 2772 526 2818 nomine
539 2773 565 2817 in
580 2772 691 2818 tahernie
703 2773 860 2818 aromatarlis
871 2773 1022 2830 venduntur,
1041 2783 1073 2818 ex
1086 2771 1292 2830 indiis'adveeti,

191 2843 245 2886 oleo
254 2839 388 2886 aromatico
398 2840 553 2893 aliquantum
562 2840 615 2888 acri
627 2851 731 2898 graves,
749 2841 799 2887 rari
811 2841 839 2887 in
852 2841 986 2888 lautiorem
999 2841 1093 2886 ominis
1106 2851 1177 2887 uene.
1211 2842 1294 2895 histor
1313 2871 1319 2879 -

189 2909 255 2956 iuter
268 2906 409 2953 fructiferae
425 2908 621 2954 americanarum
634 2912 692 2956 iaus
705 2913 751 2956 eet.
785 2906 896 2954 Peraeae
908 2907 1077 2967 granonem
1090 2910 1175 2956 carm.
1189 2906 1293 2964 (Ama-

191 2981 256 3034 cate,
275 2973 441 3032 i'Avocutier]
451 2974 559 3032 fructus,
578 2977 728 3034 cleopingui
739 2979 874 3032 cumfusta
882 2977 998 3026 sacchari
1010 2982 1035 3024 et
1046 2977 1207 3033 mucliagluie
1221 2977 1293 3030 copia

190 3045 289 3102 egregie
298 3051 413 3091 enatura
421 3044 498 3089 mixto
508 3045 599 3104 referti,
618 3046 691 3090 unico
701 3045 752 3092 fere
764 3047 828 3092 inter
836 3047 976 3093 Laurlneaa
989 3047 1109 3103 exemplo,
1126 3055 1217 3100 sapore
1225 3055 1293 3091 eom-

190 3114 350 3172 mendantur,
367 3113 404 3158 ita
416 3117 444 3158 ut
456 3115 530 3159 arhor
543 3114 767 3168 praestantissimis
781 3115 955 3172 frugiferarum
968 3113 995 3158 in
1007 3113 1125 3160 Amerina
1137 3114 1233 3168 tropica
1249 3123 1293 3158 ac-

191 3187 334 3239 censeatur,
353 3181 463 3242 fructos,
480 3193 530 3228 non
544 3187 638 3229 tantum
650 3185 682 3228 ato
695 3183 850 3240 hominiuue,
868 3183 1000 3231 sedetiam
1017 3191 1034 3228 a
1052 3182 1152 3240 imula,
1169 3181 1293 3236 mortuil·

190 3253 296 3300 canibus
314 3255 470 3306 appetantur.
501 3247 618 3308 ferrono
636 3248 939 3310 drpmisoifnesohlocht.
960 3243 1110 3308 (Aemate
1127 3247 1229 3294 olor-oso
1242 3250 1292 3296 Po·
1347 3267 1351 3280 ·
1421 3242 1424 3252 ’

191 3317 373 3377 pantiensium)
383 3319 474 3364 similia
482 3321 540 3366 iaus
550 3324 595 3364 est.
613 3321 652 3365 iix
663 3315 849 3376 orendaphnan
858 3316 1082 3376 (npenpnractnej
1092 3317 1209 3380 opiferae
1218 3319 1291 3364 licen

97 3419 103 3428 .
190 3392 215 3434 el
224 3391 307 3442 Mart,
317 3387 412 3432 arboris
421 3387 447 3431 ln
457 3388 539 3442 sylvis
547 3389 717 3434 Paradnaihus
725 3388 907 3435 secundarium
917 3389 1072 3433 Amazonum
1082 3385 1225 3443 crescentie,
1239 3385 1293 3430 fru-

191 3456 272 3502 ctlhus
290 3454 424 3500 destillatio
440 3453 466 3498 in
480 3456 559 3501 Barna
577 3457 608 3500 do
621 3457 668 3502 llio
686 3467 760 3512 negro
778 3459 859 3502 oleum
875 3457 1017 3502 aethereum
1034 3461 1138 3508 permar
1154 3454 1291 3512 limpidum,

192 3522 283 3570 colotis
296 3521 358 3566 lutei
372 3521 466 3578 vinosi,
484 3523 567 3568 odoris
580 3523 658 3568 veluti
671 3524 695 3570 si
703 3526 785 3571 oleum
794 3525 855 3570 citri
864 3529 989 3569 vetustum
998 3533 1056 3568 cum
1064 3523 1229 3568 itoriamarinl
1237 3525 1293 3568 oleo

192 3591 314 3644 misceas,
333 3589 431 3641 soporis
445 3590 676 3638 aromatico-acris.
711 3590 1140 3640 Utunturhoooieoinmemhrorum
1150 3595 1293 3636 contractu·

193 3658 239 3716 ris,
258 3657 347 3704 artium
361 3656 498 3714 doloribus,
517 3657 625 3712 allisque
642 3661 718 3712 huius
734 3661 833 3722 generis
850 3660 954 3715 morbis,
974 3671 997 3706 v.
1015 3671 1072 3708 oum
1088 3661 1142 3706 oleo
1161 3659 1247 3714 pingui
1264 3657 1292 3704 in

192 3730 343 3784 unguentum
353 3725 443 3780 mixto,
460 3728 501 3771 uei
511 3725 572 3772 meri
581 3727 691 3781 ejusdem
700 3728 841 3774 infrictione
850 3728 968 3774 adiiihita.

277 3789 366 3838 Fadne
376 3789 509 3852 limium,
528 3793 620 3849 ignotis
629 3795 670 3840 diu
681 3797 808 3844 natatione
818 3798 844 3842 in
854 3796 964 3842 tahemls
974 3795 1220 3850 pharmacopolam
1234 3805 1293 3849 pro-

194 3862 301 3922 positae,
322 3863 476 3909 h’ectandrue
489 3863 588 3917 generis
605 3863 743 3918 specierum
762 3863 947 3912 numinensium
963 3866 1125 3918 cotyledonos
1140 3868 1207 3910 aunt.
1242 3859 1294 3906 Ne-

192 3929 305 3979 rinndra
319 3930 491 3987 (Perceiana)
507 3927 628 3988 Puohrcrp
641 3930 727 3989 major
740 3936 805 3982 Nees
818 3939 842 3980 et
852 3937 936 3988 liert,
955 3937 1028 3980 arhor
1039 3934 1066 3978 tn
1081 3931 1225 3988 provinciae
1233 3931 1295 3976 itio-

192 4013 269 4058 negro
282 3999 364 4055 sylvis
376 4001 408 4044 ad
420 4000 560 4055 uacatione
572 4012 589 4046 a
601 4001 692 4048 hiarlio
706 4008 788 4049 nostro
803 4007 898 4057 reperto
913 4001 969 4048 fuit.
1003 4003 1110 4048 Fructus
1127 4000 1215 4054 primis
1231 3999 1293 4045 anni

193 4071 320 4116 mensibus
329 4081 360 4114 ex
369 4072 469 4126 arbore,
487 4069 581 4114 relictis
595 4069 693 4123 cupuiis
705 4071 774 4128 suis,
793 4071 819 4117 in
832 4077 921 4116 terram
934 4069 1007 4115 delui
1021 4073 1052 4115 ah
1068 4069 1158 4114 incolis
1170 4068 1294 4122 coliigun-

193 4145 245 4196 tur,
264 4144 384 4196 purgetne
397 4137 485 4193 deinde
498 4147 574 4183 carne
586 4143 609 4184 et
623 4137 761 4192 pericarpio
779 4139 938 4193 cotyledones
955 4137 1005 4183 leid
1022 4140 1106 4184 calore
1124 4137 1292 4182 exsiccantur.

193 4207 321 4253 landatur
334 4206 509 4253 altresiiianis
522 4217 608 4252 urotna
620 4207 741 4252 aduersus
754 4210 851 4254 morhoa
864 4217 878 4252 e
892 4207 1019 4254 debilitate
1032 4207 1204 4252 intestinorum
1217 4209 1293 4262 ortos,
1376 4247 1383 4261 ,
1423 4209 1434 4228 ·

194 4275 316 4320 adversus
340 4272 519 4333 dysenteriam,
555 4275 723 4333 diarrhoeam,
753 4275 929 4335 caruimgiam,
948 4274 1149 4343 warlenum,
1177 4277 1296 4327 sinnad-

194 4343 256 4388 riem
265 4347 289 4388 et
298 4341 500 4390 incontinentiam
510 4343 598 4389 urinae
611 4355 666 4390 cum
680 4345 755 4390 laude
769 4343 916 4399 adhibitum,
936 4355 981 4390 nec
995 4355 1042 4388 oon
1057 4355 1099 4396 pro
1112 4343 1294 4396 cataplasmate

194 4409 287 4472 tepido,
307 4413 451 4460 volueribus
461 4413 579 4468 Manui
592 4413 643 4460 ictu
658 4411 760 4460 inidiotis
774 4413 951 4470 usurpandum.
987 4407 1152 4456 Nectandrae
1164 4409 1295 4466 stemate·
