2992 5046
640 343 851 452 A„

191 546 815 610 raeteriluaalanericanis'nonnildtrecedentes·
834 547 1297 612 Sintslieacperreaionestropieas,

190 631 281 688 auidus
295 621 469 685 includuntur,
487 625 612 672 latissime
625 623 730 672 ditiusae
748 626 819 683 aaut,
836 621 873 669 ita
889 628 917 668 ut
931 609 1082 668 nectarae
1100 627 1125 669 et
1138 619 1298 684 Pterygotae

190 685 262 745 extr'a
275 697 364 743 Asiam
382 707 433 741 non
450 695 619 754 reperiantur,
638 690 795 747 stercutius,
813 692 881 737 vasti
898 693 1008 750 generis,
1027 691 1152 737 scaliones
1168 694 1299 740 naturales

193 767 327 822 pleraeque
340 764 421 810 Asiae
438 763 488 810 sint
505 762 630 819 propriae,
651 759 730 805 Coloe
741 761 853 808 Africam
868 767 916 804 non
929 760 1098 818 egrediantur,
1117 755 1300 816 Soatdaedlt'aa

190 835 280 882 Asiam
289 839 313 880 et
321 833 435 880 african
444 832 568 890 incolant,
587 827 735 876 sinceliae
742 840 818 876 sensu
829 828 947 874 strictiori
956 828 984 873 in
997 829 1060 874 duas
1073 828 1161 876 iterum
1175 827 1299 876 sectiones

192 904 319 950 medulae
328 899 571 959 aenitatlsaoeaat,
589 899 764 954 pcraaiamet
772 896 914 946 American
923 895 1027 944 diuisas

280 1009 502 1077 adeuntes
516 1023 541 1064 et
552 1025 656 1068 usus.
691 1017 817 1074 enaritate
827 1027 877 1062 nen
890 1017 993 1064 naiton
1007 1015 1173 1063 andreaea
1185 1015 1301 1064 atrorum

192 1091 392 1145 sincaliaceae,
411 1088 511 1134 virtutis
526 1087 611 1142 aliquo
624 1087 769 1134 dmcmmiue
782 1098 798 1134 o
809 1085 878 1132 vitae
895 1083 1024 1132 duratione
1041 1089 1067 1130 et
1083 1085 1212 1132 mesmndi
1229 1085 1300 1132 modo

192 1159 323 1214 pendema
358 1159 420 1204 Nam
429 1156 457 1203 ln
466 1155 718 1210 partiouslrsrltaceis
727 1154 874 1202 ctinramis
883 1153 1027 1208 iunioribus
1039 1164 1138 1200 raucum
1149 1158 1255 1214 venant,
1273 1150 1301 1200 ia

193 1225 284 1274 annosi
293 1231 375 1270 autem
386 1225 467 1270 trunci
476 1225 567 1270 cortice
576 1223 731 1270 snbstantias
741 1225 980 1270 coneelautamaras
993 1225 1018 1268 et
1031 1222 1227 1280 adstringentes,
1245 1221 1301 1276 ortl—

193 1290 241 1339 bus
251 1303 427 1346 nonnunquam
438 1293 527 1337 leniter
535 1290 693 1338 stimulantes
702 1300 725 1338 et
735 1291 854 1338 emeticse
866 1289 993 1337 admixtae
1007 1302 1063 1336 esse
1076 1293 1164 1334 solent.
1200 1290 1302 1336 Senrina

192 1363 247 1406 oleo
257 1359 343 1416 pingui
354 1359 494 1406 factasunt.
529 1353 698 1410 Adaascatne
707 1357 852 1418 (aconas),
872 1357 898 1403 in
908 1358 1011 1406 Africae
1020 1358 1129 1412 tropicae
1139 1363 1242 1410 utraque
1256 1365 1301 1403 ora

193 1434 347 1484 crescentes,
366 1429 548 1474 abhominlads
557 1429 582 1473 in
593 1429 681 1474 Asiam
691 1434 715 1475 et
724 1428 866 1474 American
879 1428 1089 1484 transplantatus,
1106 1425 1212 1473 naturae
1225 1426 1301 1472 mird-

194 1496 261 1544 aolls
275 1501 453 1553 accensentur,
468 1498 537 1542 lraud
551 1497 612 1546 elati
624 1497 705 1544 trunci
717 1497 837 1545 immerso
850 1506 959 1550 corpore.
994 1495 1069 1541 Coma
1080 1487 1158 1549 mbas
1169 1487 1302 1540 immanem

195 1569 307 1610 truncum
317 1562 405 1619 ingens
415 1566 576 1621 expanditur,
595 1566 672 1610 ramis
686 1565 790 1612 dedexis
802 1575 925 1610 annosum
938 1562 1049 1617 stipitem
1062 1566 1160 1610 velans.
1194 1563 1302 1618 alanum

111 1633 126 1646 “
193 1633 279 1679 laxum
291 1637 314 1677 et
324 1634 379 1677 leve
388 1637 433 1678 est.
469 1631 541 1678 Folia
550 1633 670 1687 laresque
679 1633 787 1690 mucosa,
806 1631 922 1678 remediis
935 1632 1087 1677 lenientibus
1100 1633 1301 1678 adnumerantur.

153 1743 155 1748 .
193 1701 268 1746 Folia
280 1701 307 1745 in
323 1701 448 1754 pulverem
458 1697 550 1754 (volgo
561 1697 625 1744 Lato
636 1701 742 1756 dicium)
757 1701 906 1746 comminuta
919 1710 935 1744 a
947 1701 1052 1755 Nigritis
1065 1701 1208 1753 quotidiano
1222 1699 1301 1744 victui

194 1769 370 1816 admiscentur.
397 1768 562 1820 capsoiarurn
572 1771 649 1824 pulpa
660 1773 729 1825 grate
739 1769 850 1826 acidula,
865 1767 1037 1824 adstringens,
1052 1768 1216 1826 refrigerans,
1232 1768 1302 1813 sicca

193 1836 270 1882 eiiam
282 1835 346 1882 inter
359 1835 497 1882 medicinas
506 1837 644 1884 adhibetur.
678 1839 708 1884 in
719 1831 1070 1894 &charaequticcauol.,
1087 1834 1302 1890 luxtaluuiomm

193 1904 325 1954 Americae
339 1904 408 1958 ripas
421 1910 560 1965 crescente,
578 1916 681 1952 mucosa
694 1907 882 1952 Malvacearum
895 1904 976 1950 virius
989 1903 1224 1958 nulits'peregrlnis
1241 1906 1302 1950 salt·

195 1971 298 2019 stantiis
313 1973 481 2018 contaminata
494 1979 540 2018 eat.
575 1973 677 2019 Semina
691 1973 871 2018 castanearum
884 1972 911 2018 in
925 1973 1023 2016 modurn
1036 1973 1204 2017 comeduntur.
1239 1968 1301 2014 Sal-

196 2037 291 2084 mattae
308 2039 462 2098 specierum,
482 2041 508 2084 in
521 2040 586 2086 Asia
599 2041 695 2095 tropica
709 2042 886 2097 crescentiam,
905 2043 929 2084 et
942 2041 1091 2086 Bomaacom
1106 2040 1303 2086 americanorom

195 2107 499 2162 loiiamacomcopiosarn
508 2109 625 2168 retinent,
645 2112 730 2154 cortex
738 2109 840 2154 enesim
848 2112 938 2153 movet.
965 2104 1301 2154 adeledariitaasrrlmalr'ae

197 2175 376 2220 maledam'cas
384 2179 471 2234 senati
480 2181 503 2221 et
512 2178 586 2223 andi.
596 2177 729 2224 destillans
739 2180 824 2224 nvom
832 2179 904 2222 laxat
913 2179 937 2221 at
945 2176 1043 2224 urinam
1052 2180 1141 2222 movai.
1174 2178 1196 2222 ll
1205 2177 1303 2222 cavatis

196 2247 347 2292 aomaacun
358 2244 453 2290 truncis
462 2243 609 2298 aptissimae
618 2249 735 2304 scaphae,
745 2245 836 2300 quitus
845 2245 898 2292 lndi
909 2247 1047 2299 sylvestres
1056 2244 1304 2302 ingentiaAmcrlcaa

195 2312 440 2366 luminatratleiunt.
475 2307 746 2368 Dariom'aac'dcelriac',
765 2313 791 2357 in
801 2315 923 2358 Moluccis
936 2313 1027 2358 insulis
1040 2313 1188 2370 crescentis,
1207 2313 1304 2358 fructus

196 2384 275 2436 pulpa
285 2380 379 2425 turcius
389 2385 440 2436 esi,
460 2389 523 2433 onae
534 2381 618 2436 gustui
632 2391 769 2438 nauseosa,
788 2381 861 2426 avide
876 2392 892 2427 a
905 2380 1001 2437 gulosis
1013 2385 1127 2438 voratur,
1145 2393 1204 2426 nam
1218 2380 1304 2426 liuidi-

195 2459 252 2496 ncm
262 2449 386 2506 stimulat,
404 2447 567 2494 diidcillimae
583 2454 636 2495 atat
650 2449 825 2495 consectionis.
862 2443 993 2504 Aceronia
1007 2443 1256 2508 Lergopsaswarin,
1276 2448 1304 2494 in

196 2516 304 2563 Antillis
318 2527 448 2576 crescens,
466 2517 536 2563 vario
548 2517 656 2584 inservit
669 2518 735 2564 usui.
770 2519 877 2572 Lignum
893 2517 1050 2564 levissimum
1068 2518 1168 2564 soleris
1184 2520 1238 2564 ioco
1256 2517 1304 2576 aad,¹

196 2589 281 2642 partes
298 2587 436 2630 herbaceae
452 2597 523 2630 muco
541 2587 680 2643 abundant,
703 2585 820 2632 corticem
837 2585 1061 2640 antisyplriiiticom
1079 2586 1221 2644 peruioent,
1243 2588 1305 2632 lana

196 2655 316 2706 capsulae
327 2651 444 2707 parietem
453 2653 521 2698 intus
535 2656 646 2700 vestiens
659 2656 692 2700 ad
705 2655 805 2698 diversa
820 2655 923 2699 tralritur
936 2652 1043 2710 opificia.
1078 2655 1192 2700 Truncus
1206 2653 1304 2700 incisus

196 2720 317 2774 liquorem
330 2731 482 2776 gummosom
498 2721 587 2768 tondit.
621 2725 650 2768 in
665 2723 809 2767 universum
819 2723 1011 2767 llonrltacearum
1028 2723 1089 2766 iana
1102 2723 1203 2777 carpiea
1216 2735 1230 2766 e
1243 2721 1304 2778 pilis

196 2789 480 2851 glaberimiaconstans,
499 2789 524 2834 in
539 2791 581 2836 dia
595 2791 652 2836 duci
666 2790 764 2849 nequit,
781 2790 809 2836 in
823 2789 956 2835 fulciendis
970 2789 1070 2835 culcitis
1084 2793 1107 2836 et
1121 2789 1241 2846 stragulis
1255 2789 1304 2836 irc·

198 2856 355 2912 cruentissimi
373 2856 399 2902 in
417 2858 482 2904 ortris
497 2861 573 2915 plaga
586 2859 670 2906 calida
684 2869 754 2904 usus.
791 2855 985 2908 Cder'roetemoa
994 2853 1161 2914 platanones
1175 2861 1264 2905 diuma.
1279 2863 1305 2904 et

198 2927 285 2978 ilonpl.
296 2923 387 2978 (Artroi
397 2925 426 2970 de
436 2927 561 2982 lianitas)
575 2929 640 2981 apud
651 2927 796 2974 lilexioanos
810 2927 934 2986 nascitur,
954 2929 1027 2972 aritor
1042 2929 1071 2972 ob
1084 2927 1236 2982 singularem
1252 2925 1304 2974 iatri

197 2993 312 3038 staminei
331 2991 433 3037 iormam
452 2993 555 3042 iarnosa.
589 2995 677 3041 Flores
691 2993 717 3040 in
731 2993 855 3052 epilepsia
868 2997 1076 3041 commendantur.
1113 2992 1304 3042 Cuoaar'ileat'oa

197 3060 334 3108 aeminilus
344 3061 435 3107 oleosls
445 3061 528 3109 utiles.

283 3177 444 3228 Helieterara
458 3184 574 3230 corticem
587 3183 825 3243 antisppirliitieura,
843 3183 952 3230 radicem
967 3194 1079 3232 amaram
1092 3183 1243 3242 ettoeiidam
1252 3188 1304 3230 ato·

197 3249 335 3297 mscniean
354 3253 490 3305 pernicem.
525 3252 599 3296 Folia
616 3255 804 3298 ltisiracearum
822 3249 938 3296 virtutem
955 3253 1119 3296 aemulantur.
1160 3247 1304 3298 Helc'ctcrt'a

198 3315 361 3362 &corollae
379 3322 415 3365 st.
429 3319 479 3366 iiii.
497 3329 560 3364 usus
578 3319 605 3364 in
622 3320 714 3366 morbis
731 3319 845 3366 venereis
862 3320 929 3374 apud
947 3319 1105 3368 Brasilianos
1122 3319 1239 3374 frequens
1257 3325 1304 3382 est,

197 3386 335 3434 ericaeum
344 3397 441 3434 amuco
450 3389 557 3444 pendere
566 3389 676 3434 credunt.

284 3485 431 3534 sceresoae
440 3489 692 3544 qualitatilosvariis
700 3489 784 3536 utiles.
820 3489 947 3536 seminum
961 3487 1051 3535 arilios
1065 3489 1181 3549 sapidus,
1200 3491 1304 3538 nucleus

197 3559 297 3603 oleosua
315 3559 345 3604 oto
363 3559 473 3611 aliquan
491 3568 565 3611 quarn
582 3558 645 3614 gerit
663 3558 803 3604 acredinem
819 3558 964 3604 condiendis
978 3558 1041 3603 cilis
1053 3557 1171 3617 inservit,
1189 3562 1214 3604 et
1227 3559 1305 3613 depu—

197 3625 291 3672 randae
300 3627 559 3680 mumputriaaesuo
569 3630 637 3672 coeio
648 3627 743 3674 fervido
752 3628 890 3673 adhibetur.
924 3629 1105 3672 nonnullarum
1119 3626 1200 3673 trunci
1213 3625 1306 3684 mani

197 3695 387 3750 Trapacautitse
396 3697 521 3740 murelum
531 3693 644 3740 londoni.
680 3697 770 3742 cortex
782 3695 892 3742 validius
904 3695 1045 3750 adstringit.
1081 3694 1226 3740 sterculius
1239 3709 1305 3742 cca·

198 3761 315 3805 audactae
324 3763 403 3808 Palis.
412 3769 434 3808 et
446 3757 592 3806 Stercutius
603 3767 761 3808 concentores
771 3764 846 3809 (tulli.
857 3769 880 3808 et
889 3766 983 3810 Perrot.
997 3763 1094 3813 semina
1108 3763 1197 3821 (vulgo
1208 3766 1270 3812 cola
1283 3777 1304 3812 s.

199 3829 314 3884 tlouron)
324 3829 518 3886 frequentissimi
529 3837 553 3878 et
563 3831 614 3878 lere
628 3833 765 3887 quotidiani
780 3833 846 3887 apud
856 3831 966 3888 Nigritae
980 3843 1051 3878 naus.
1085 3834 1184 3883 Arilica
1198 3837 1306 3880 colorem

199 3897 384 3957 maiginasun,
406 3905 529 3958 tenacem,
555 3900 670 3958 tingendo
690 3907 774 3956 aptum
792 3899 905 3956 largitur.
945 3897 1091 3946 sterculius
1108 3899 1199 3947 nolitia
1217 3890 1305 3947 amital

199 3964 336 4024 asiaticae,
354 3972 380 4011 et
393 3964 538 4024 Stercutius
553 3966 652 4014 calche
665 3971 700 4015 st.
709 3969 760 4016 liii.
774 3969 933 4016 arasiiiensls
946 3970 1043 4016 sauine
1057 3971 1236 4018 Castaneaaom
1250 3969 1305 4015 isca

199 4037 266 4079 suna
292 4035 361 4078 later
368 4035 529 4089 gummitanae
539 4033 671 4082 Sterenle'a
684 4029 873 4096 Tragceuatda
882 4039 955 4084 blan.
964 4041 988 4084 et
998 4036 1129 4082 Sterenlr'a
1139 4047 1216 4084 arena
1225 4040 1304 4086 lioxlt.

198 4101 366 4146 nominandae
381 4106 451 4160 sani,
470 4105 531 4150 haec
544 4105 570 4149 ln
579 4106 654 4163 Asia,
674 4105 719 4151 iila
732 4107 759 4151 in
768 4105 857 4151 Africa
870 4119 995 4152 crescens.
1031 4103 1176 4150 Sterealr'ae
1182 4103 1306 4166 foetidae

197 4166 273 4216 hina.
291 4169 378 4215 cortici
396 4171 510 4216 virtutem
529 4172 722 4242 diapnoreticam
739 4177 764 4219 et
780 4175 925 4221 diaretioam
941 4175 997 4222 ludi
1017 4176 1140 4236 tribuunt,
1159 4167 1305 4220 Stercutius

199 4235 352 4284 armatam
361 4239 447 4286 amia.
457 4240 573 4286 coelicam
582 4252 681 4289 meuses
689 4253 790 4290 movere
799 4249 923 4296 maerent.

284 4337 443 4401 Herygotrre
453 4343 605 4400 (sterculius
619 4348 702 4393 alatae
714 4347 807 4410 noxia,
827 4345 1084 4408 lioddiraNariireiia,
1103 4343 1194 4404 duola)
1202 4343 1306 4394 semini·

200 4411 248 4458 aaa
256 4411 545 4474 iadoaopiatiloccuti,
564 4417 724 4472 relatumsst.
