2992 5046
739 335 813 402 dell
981 331 986 345 ’
1056 325 1068 352 “

223 556 294 613 suat,
311 555 341 600 ut
351 547 408 598 letis
419 547 575 604 aliquomodo
587 549 725 610 mogus,
742 551 814 598 nullo
827 549 898 598 nodo
911 547 994 596 addula
1003 545 1186 605 podsitltaaerl.
1220 549 1327 607 ampin-

223 621 298 676 quina
306 617 707 679 acceditadordinesparietales‚
724 620 860 674 intorques
868 619 1038 678 Pasaldorels,
1055 618 1326 680 tmprlmtsatlntsen,

223 689 344 746 germinis
357 688 408 734 sltn
422 687 485 732 eatis
500 686 641 734 distinctus.
675 687 758 734 Etiam
767 689 873 734 Loasels
886 687 1053 734 nontermInus
1066 691 1116 745 eet,
1134 689 1274 739 Gronoviae
1280 701 1327 743 ge-

223 769 283 802 nere
296 757 501 809 internarumque
514 755 623 800 ordinem
636 757 783 812 ambigente.
817 755 943 801 llcmotlor
951 766 1006 802 cum
1015 755 1185 813 Papayaoeis,
1203 757 1328 812 llegobla·

224 825 278 872 cela
291 829 315 870 et
324 824 436 881 cactels,
455 823 568 878 proxima
581 827 606 869 et
618 824 721 870 indubia
730 835 786 870 cum
795 815 999 883 ltdmdlrmets:
1008 815 1084 870 eiiam
1092 823 1256 878 qualitatibus
1266 836 1327 870 con-

185 919 189 926 ,
207 903 209 910 ·
223 893 320 940 drmata
332 892 498 938 necessitudo.
533 893 631 938 Genera
643 893 723 940 denno
736 895 782 941 sub
795 892 911 940 incudem
923 893 1078 952 reeomnda,
1096 893 1209 940 stabilito
1225 893 1328 949 praevie

224 963 393 1019 characterum
403 960 429 1006 in
437 961 484 1006 trec
492 960 578 1006 ordine
586 963 680 1007 valore.

311 1037 573 1108 Geogrtbphlm
607 1045 802 1092 Cucurbitaceae
816 1045 844 1091 ln
856 1045 1000 1101 regionibus
1013 1044 1116 1100 tropicis
1129 1045 1328 1100 subtrepicisque

224 1113 301 1162 totius
314 1114 381 1160 orbis
394 1114 495 1172 obviae,
513 1112 541 1158 in
555 1115 697 1168 temperatis
709 1125 793 1173 ranae,
812 1127 826 1159 e
839 1114 938 1172 triptota
951 1117 1051 1174 exules,
1069 1113 1178 1162 maximo
1191 1125 1291 1161 numero
1300 1114 1327 1160 ln

63 1249 69 1256 ι
134 1229 137 1234 ,
222 1183 311 1229 Indiae
331 1182 461 1228 orlentatls
482 1187 548 1228 terra
565 1181 705 1228 cominente
723 1181 891 1240 reperiuntur,
914 1181 941 1228 ln
958 1181 1077 1228 Ameriae
1093 1183 1160 1228 baud
1178 1181 1328 1236 frequentes.

223 1251 298 1298 vitae
316 1250 426 1305 spatium
443 1254 548 1306 absumo
565 1249 692 1304 plerisque
708 1251 788 1296 limite
804 1249 1030 1310 circumscriptum,
1048 1250 1187 1305 paucisque
1199 1251 1328 1297 mensibus

223 1319 330 1436 :leffium
343 1322 496 1378 absolutum,
515 1317 665 1372 tropicarum
678 1318 1034 1376 plumsetiaratnregionlbns
1043 1318 1187 1405 temperatis
1195 1321 1263 1367 alere
1272 1329 1328 1375 per·

308 1462 530 1530 &allutea
543 1475 569 1518 et
580 1477 682 1523 naua·
715 1474 842 1528 Ingentem
855 1472 882 1519 ln
895 1471 990 1528 plantis
1000 1470 1189 1518 cucurbllscels
1198 1470 1327 1526 qualitatis
1412 1469 1415 1479 ¹

164 1529 167 1534 ¹
224 1540 385 1588 differentiam
395 1541 451 1595 quis
460 1541 580 1599 crederet,
599 1543 724 1587 illelonum
734 1552 842 1596 pepones
851 1552 907 1587 cum
916 1540 1120 1595 colocyntuldnm
1130 1539 1250 1585 fructibus
1260 1552 1329 1586 com-

222 1619 328 1668 parans;
342 1609 428 1654 eadem
437 1611 518 1653 tamen
528 1608 554 1654 tn
565 1607 690 1663 plerisque
699 1609 779 1668 virtus
789 1614 840 1666 est,
854 1609 991 1654 innumeris
1000 1610 1080 1654 solum
1090 1608 1209 1663 gradibus
1218 1607 1328 1666 diversa,

222 1687 247 1724 v.
261 1689 305 1731 pm
314 1686 462 1732 organorum
471 1677 617 1723 dlversttste
625 1676 709 1736 varta,
728 1681 771 1723 ant
780 1677 955 1723 accedentibus
964 1676 1112 1722 substantiis
1122 1675 1327 1734 indifferentibus,

132 1753 136 1762 ·
223 1745 346 1800 imprimis
360 1748 494 1802 sacebaro,
513 1750 623 1804 retrusa,
643 1745 669 1792 ln
682 1745 741 1791 allia
755 1745 828 1791 etlam
841 1747 927 1791 adulto
941 1743 1036 1802 tractu,
1054 1743 1081 1788 lu
1090 1743 1150 1789 alils
1160 1747 1218 1788 ante
1226 1747 1328 1797 plenam

223 1809 389 1860 maturitatem
403 1813 530 1866 potentior.
565 1815 628 1858 llam
642 1816 776 1868 pleraeque
788 1812 937 1860 substantiis
951 1812 1044 1858 amaris
1057 1811 1203 1857 extraotlvie
1216 1811 1330 1858 subreel-

224 1882 355 1940 noaisqnc,
374 1891 440 1926 nnnc
454 1885 589 1934 crystallus
604 1881 778 1940 formantibus,
798 1893 863 1926 nunc
877 1883 903 1926 in
917 1883 1051 1935 crystallos
1065 1880 1131 1924 coire
1144 1879 1329 1936 recusantibus,

223 1951 340 1996 virtutem
353 1951 442 1994 debent
455 1951 563 1996 drastlce
576 1956 721 2006 purgantem
734 1955 759 1995 et
771 1949 913 2008 emelinam,
923 1958 996 2003 ‘quae
1009 1947 1129 1994 lnmnltis
1139 1950 1283 2006 vehemens,
1302 1947 1329 1992 ln

224 2019 284 2066 altis
302 2018 385 2066 mitior
402 2019 602 2076 deprehenditur,
620 2019 647 2065 ln
660 2017 786 2074 plerisque
799 2021 831 2064 ad
845 2019 909 2064 imas
922 2017 1020 2062 radices
1035 2021 1144 2074 retrusa,
1162 2016 1189 2061 ln
1202 2015 1329 2062 nonnullis

224 2087 345 2134 indomite
358 2085 385 2131 in
398 2086 512 2141 pulposis
525 2087 648 2134 fructibus
661 2091 754 2143 regnat.
789 2089 819 2134 ln
832 2089 965 2134 muitarum
980 2085 1064 2131 baccis
1078 2093 1189 2130 amarum
1203 2084 1329 2130 incertlce

224 2157 323 2214 haeret,
340 2157 420 2212 pulpa
428 2164 534 2200 carnosa
543 2159 677 2212 sacellano,
695 2165 778 2212 muco,
797 2155 907 2211 salibus,
925 2151 1114 2208 acidisliberis,
1133 2152 1330 2206 substantiisquc

224 2223 368 2270 aromaticis
381 2220 499 2280 metulla,
517 2223 602 2278 gustui
615 2224 811 2280 commendatur,
829 2223 951 2276 qualitate
964 2221 1040 2266 etiam
1052 2220 1078 2265 in
1087 2219 1127 2264 bis
1137 2222 1168 2265 ab
1178 2224 1259 2266 aetate
1269 2231 1330 2274 pen·

224 2293 309 2351 dente,
328 2296 353 2337 et
365 2296 425 2336 ante
437 2291 552 2344 adeptam
564 2291 731 2337 maturitatem
744 2296 768 2336 et
782 2294 856 2346 plena
865 2295 946 2336 aetate
956 2289 1036 2334 varia.
1071 2288 1173 2334 semina
1181 2291 1235 2332 eleo
1244 2287 1331 2344 pingui

223 2361 278 2407 miti
291 2363 401 2420 scatent,
418 2358 548 2404 rarissime
561 2359 726 2405 amaritudine
739 2359 876 2412 inquinata.
910 2359 1039 2402 Nostrates
1053 2355 1251 2402 radicis-virtute
1263 2367 1331 2401 eom·

224 2431 379 2478 mendantnr.
414 2423 549 2484 Bryonine
566 2423 643 2472 albae
658 2427 732 2474 Lien.
750 2420 882 2482 [ἄμπελος
899 2420 1024 2481 μέλαινα)
1042 2428 1067 2471 ei
1085 2421 1217 2482 Bononiae
1230 2421 1329 2470 dioe'cne

224 2499 299 2546 Linn.
317 2485 453 2552 (ἄμπελος
468 2489 562 2555 λευκή)
580 2496 653 2542 radix
669 2497 755 2544 valida
773 2495 863 2552 (vulgo
879 2491 1032 2549 Znunrr'lbe]
1051 2504 1126 2538 succo
1143 2496 1224 2539 lacteo
1241 2497 1329 2552 scatet,

225 2565 499 2623 etiamamytogravis,
518 2563 706 2622 asperiusque,
725 2565 817 2624 amari,
835 2562 1219 2610 odorisvehementernauseosi.
1252 2563 1330 2616 leym-

185 2681 191 2690 ,
225 2637 277 2690 pba
293 2633 459 2678 substantiam
476 2643 587 2678 amaram
607 2629 793 2690 (Bryom'nam)
812 2637 834 2677 et
850 2631 990 2677 acredinem
1004 2631 1130 2676 volatilem
1143 2629 1222 2687 vellit,
1240 2631 1331 2684 qulbus

225 2703 338 2748 edentum
351 2701 459 2747 drastice
472 2706 617 2756 purgantem
628 2703 706 2747 debet.
741 2700 824 2746 Radix
833 2711 919 2746 recens
930 2704 1010 2744 cutem
1019 2697 1155 2754 rubefecit,
1173 2702 1198 2742 et
1206 2697 1332 2744 abdomini

224 2769 342 2826 imposita
350 2772 435 2814 alvum
444 2773 532 2815 movet.
568 2767 641 2814 Sicca
649 2769 732 2814 minus
740 2771 816 2814 emet.
845 2769 940 2812 Foenla
949 2765 1073 2822 bryoniae
1083 2765 1174 2830 dudum
1184 2777 1215 2810 ex
1225 2765 1333 2812 officinis

213 2832 215 2836 ’
225 2840 308 2894 pulsa.
343 2834 463 2893 Bryonin
476 2835 627 2880 umen'cnna
636 2837 709 2882 Linn.
722 2841 746 2882 et
756 2833 874 2894 Brynaia
883 2831 1011 2894 ast-deuna
1020 2833 1117 2878 Tbnnb.
1132 2834 1226 2879 colonis
1238 2833 1332 2880 radicis

224 2903 344 2954 nostratis
357 2907 412 2950 loco
425 2909 471 2950 est.
505 2904 673 2950 Brasilienses
683 2903 806 2957 Bryoniae
821 2899 960 2959 (Tnyuya,
977 2895 1100 2960 Abnoera
1113 2895 1144 2943 dn
1158 2905 1242 2961 nanto,
1262 2895 1331 2944 Aba·

226 2971 317 3028 rialta)
332 2975 361 3019 ob
375 2973 491 3019 virtutem
503 2977 648 3028 purgantem
662 2981 677 3018 a
692 2971 915 3028 peregrinatorlbns
924 2971 1054 3028 laudatae,
1073 2969 1198 3016 botanicis
1208 2981 1256 3014 non
1266 2969 1332 3014 satis

226 3049 308 3090 notae.
344 3037 476 3098 Bryonine
490 3039 652 3098 annaneane
665 3043 735 3086 Lam.
749 3040 856 3086 radicem
869 3031 962 3085 coctam
975 3039 1081 3086 innocue
1091 3037 1184 3084 mmedi
1195 3037 1332 3099 perbibent.

226 3114 255 3158 ln
279 3109 403 3164 plerisque
425 3109 552 3156 amarition
569 3109 595 3154 tn
614 3109 735 3156 tractibus
752 3109 856 3154 maturis
873 3109 988 3167 residet„
1014 3104 1122 3152 carente·
1140 3103 1332 3162 Coloe-pattialis

226 3181 328 3226 snbrad.
339 3177 478 3236 (dandal),
489 3181 590 3233 plantae
599 3187 706 3237 annuae,
719 3177 746 3222 in
755 3175 854 3222 Oriente
862 3181 950 3231 sponte
959 3176 1103 3236 crescentis,
1117 3174 1213 3220 fruetus
1223 3175 1332 3221 omniura

226 3247 379 3294 amarissimi
391 3252 463 3306 snut,
482 3246 563 3292 odoris
574 3247 717 3306 subdulcia,
734 3245 865 3304 nauseosi,
883 3245 909 3290 in
919 3247 996 3299 pulpa
1004 3244 1141 3300 spongiosa
1149 3246 1229 3289 oleum
1239 3239 1332 3298 pingue

227 3328 351 3374 amarum,
370 3315 480 3361 resinam
489 3320 512 3360 et
521 3315 688 3361 substantiam
697 3313 860 3360 attractivam
870 3309 1110 3368 (colocyntiianm)
1122 3315 1243 3368 gerentes.
1279 3311 1330 3356 llos

223 3387 277 3441 Jam
290 3384 417 3431 veteribus
431 3387 460 3430 ob
475 3383 590 3429 virtutem
603 3383 736 3428 drasticam
750 3382 905 3440 notissimos,
923 3381 1033 3426 siccatos
1046 3381 1224 3426 etcortieesuc
1233 3380 1332 3424 orbatos

227 3453 366 3500 exOriente
375 3453 512 3509 advebunt,
530 3461 588 3496 nam
597 3449 640 3504 qni
649 3450 856 3504 colocyntbldum
863 3450 962 3495 nomine
970 3449 997 3494 ln
1006 3451 1106 3504 Europa
1116 3449 1178 3493 culti
1186 3451 1331 3504 nascuntur,

227 3535 241 3568 e
256 3519 411 3566 Cucurbitne
420 3518 563 3563 aaronitae
571 3519 661 3564 Willd.
675 3524 699 3564 et
714 3516 870 3562 cucurbitas
880 3517 997 3578 omferne
1006 3518 1080 3562 l.inn.
1094 3517 1259 3562 varietatibus
1267 3513 1333 3560 satis

226 3589 380 3634 derivantur.
418 3583 554 3631 Eooais'um
566 3591 670 3645 agreste
683 3585 817 3632 Reicbenb.
831 3584 998 3640 [blomordica
1009 3585 1146 3631 dilatorium
1158 3585 1246 3640 laium,
1264 3575 1332 3632 σίκυς

226 3648 328 3716 ἄγριος,
337 3657 412 3702 Kitsa
420 3651 531 3702 albemar
539 3656 625 3715 Arab,
635 3656 700 3701 unde
711 3655 827 3700 circumis
837 3653 951 3700 minimus
960 3653 1054 3710 0itlc.),
1068 3657 1155 3707 planta
1165 3653 1190 3698 in
1200 3652 1299 3696 0rlente
1308 3653 1334 3696 et

227 3725 334 3770 Graecia
346 3724 472 3782 vulgaria,
491 3723 617 3770 veteribus
626 3726 679 3778 lam
693 3727 723 3769 ob
732 3722 855 3778 insignem
865 3723 935 3768 aucei
943 3722 1082 3767 amerltiem
1093 3725 1117 3768 et
1125 3721 1178 3765 vim
1187 3725 1333 3775 purgantem

226 3794 343 3851 laudata,
362 3803 417 3838 raro
436 3803 501 3837 nunc
514 3802 530 3836 a
543 3791 646 3838 medicis
659 3792 796 3838 adbtbatnr.
831 3793 926 3838 succus
945 3789 1113 3848 snbstantias,
1131 3787 1295 3844 extractinam
1308 3789 1334 3831 et

227 3861 366 3907 resinosam
380 3857 576 3921 (litaterinam),
595 3861 725 3907 admodum
739 3859 922 3904 amarasvebit.
958 3853 1105 3901 Elaterium
1118 3869 1132 3904 e
1147 3857 1268 3902 tractibus
1278 3865 1335 3901 nnu-

229 3929 327 3987 ricatis,
345 3928 387 3982 qui
400 3927 541 3974 maturitate
554 3939 571 3973 a
584 3931 723 3983 pedunculn
736 3927 824 3987 soluti,
842 3926 921 3973 abasi
931 3926 1191 3982 perloratalympbam
1200 3921 1335 3978 mucilagi-

227 4007 327 4057 nosam,
345 3997 482 4042 seminibus
497 3997 602 4055 foetam,
615 4009 670 4043 curn
680 3997 929 4054 impetuexplodunt,
944 4000 1070 4055 paratum,
1085 3993 1335 4048 antiquissimamer-

229 4078 272 4112 eea
280 4071 331 4124 est,
346 4065 419 4112 bodie
428 4065 454 4110 ln
464 4065 574 4110 tabernis
583 4075 649 4111 rara.
683 4067 751 4112 lnter
758 4071 920 4120 gerontogees
929 4063 1038 4118 tropicas
1047 4067 1070 4108 et
1080 4062 1237 4116 subtroplcas
1247 4057 1334 4106 tructi-

228 4139 276 4182 bus
291 4133 385 4182 amaris
399 4137 525 4183 salutares
534 4129 632 4191 Lnffne
642 4135 807 4181 nominandae
815 4138 886 4192 aunt,
904 4143 1009 4188 quarum
1017 4141 1126 4186 pepones
1135 4129 1259 4178 immaturi
1269 4129 1334 4174 tuter

229 4203 387 4258 quotidianos
405 4201 557 4256 eleesspurt
573 4202 648 4248 ludos
666 4207 690 4248 et
702 4203 800 4248 Arabes
817 4207 991 4259 numerantur,
1009 4201 1100 4246 maturi
1117 4197 1334 4246 vehementissime

230 4277 344 4326 purgant.
364 4273 432 4318 ldem
442 4272 471 4316 de
484 4265 674 4315 Trichoaantlse
683 4267 797 4328 anguina
805 4271 879 4316 Linrr.
889 4269 996 4324 aliisque
1006 4267 1187 4325 congeneribaa
1196 4268 1279 4325 valet,
1293 4265 1334 4308 lix

229 4339 387 4386 Americanis
398 4335 557 4386 Memortiieo
565 4336 717 4398 operculum
726 4338 800 4386 Linn.
812 4343 837 4383 et
847 4333 1007 4384 ddomordica
1013 4347 1132 4396 purgans
1140 4335 1214 4383 alm.
1225 4331 1335 4382 remedie

231 4407 341 4454 drudes
349 4411 474 4462 praebent.
