2990 5044
687 311 763 378 tut

259 522 376 574 vemas
386 521 604 586 luniciacum
613 522 750 582 (oanan
759 521 854 584 (iem)
862 523 960 574 semin
970 521 1109 574 mutina
1116 529 1184 575 saph
1209 527 1279 578 Haeo

171 606 188 645 a
200 595 347 644 mulierihus
359 594 562 644 amhoinenslhus
574 593 681 642 coutrita
695 597 819 650 unguento
832 595 978 640 medicando
987 593 1140 656 inserviunt,
1158 608 1206 652 uuo
1216 597 1279 646 inter

169 667 304 712 lavandum
320 675 411 718 corpus
428 663 567 722 periciant,
587 666 613 710 ot
625 666 715 709 honum
730 662 779 709 sihi
793 662 927 710 concilient
940 664 1045 710 odorem.
1076 663 1169 710 'lruuci
1182 671 1275 726 cortex,

171 735 214 780 uhi
227 733 358 793 inciditur,
378 733 504 780 viscosum
517 732 629 778 destillat
641 743 756 793 succum,
774 731 818 787 uui
827 732 857 778 'ln
866 732 959 790 nummi
968 735 1053 780 aihum
1062 737 1086 779 et
1095 733 1225 782 odoratum
1232 745 1277 780 ex·

194 815 208 849 c
241 809 289 849 tur.

169 803 193 850 ,Ι
209 813 239 850 ⁰⁸
255 883 423 945 Polycltlu'ae
439 881 634 944 :mophyilue
650 887 730 932 Blunt.
749 882 920 943 (Killaulum
935 897 957 934 s·
969 865 1105 943 Κωμία)
1122 886 1221 934 radices
1238 887 1278 934 ln·

168 956 275 1014 signiter
290 955 448 1003 aromaticae.
483 955 611 1002 lilontlcoli
624 957 704 1002 tavae
721 953 820 1002 incolae
833 953 960 1002 infusione
973 955 1078 1002 istarum
1093 960 1179 1002 contra
1193 955 1276 1004 lehres

168 1027 289 1080 typhoni
301 1029 327 1071 et
338 1024 451 1071 variolas
465 1021 590 1080 malignus
605 1027 716 1070 utuntur.
750 1017 916 1082 Ponatur„
924 1021 1097 1070 awccrdctae
1110 1025 1191 1072 iilum.
1205 1025 1276 1081 (liit-

164 1095 273 1150 tacteus
289 1105 312 1140 s.
324 1092 532 1148 Baius-hulst)
545 1091 642 1140 tructus
654 1097 741 1139 centn
752 1091 848 1138 ecllcss
861 1093 989 1147 spastleas
999 1093 1125 1138 adhihem.
1156 1087 1275 1138 ¹Artaio-

169 1158 424 1221 hyosasooeolestu's
432 1158 780 1215 litun-(liarietlarhaaie.
789 1161 866 1215 spina
873 1159 1047 1218 niumm),
1061 1160 1088 1207 in
1097 1161 1213 1208 omnious
1222 1161 1274 1208 iere

114 1265 116 1276 .
167 1229 323 1288 arculpetspi
336 1229 468 1285 hialaysul
484 1229 577 1276 insulis
588 1229 738 1286 crescentis,
756 1228 819 1276 tolla
831 1228 919 1276 intusa
931 1235 1015 1284 potum
1028 1229 1193 1277 aromaticum
1202 1241 1275 1286 prae·

167 1302 237 1360 heht,
255 1299 297 1354 sui
307 1297 429 1354 imprimis
438 1297 465 1344 ln
474 1300 585 1358 cholera,
604 1297 686 1352 tepide
698 1297 850 1354 aratorque
861 1300 980 1356 munus,
998 1299 1101 1344 Blumeu
1113 1309 1203 1356 magno
1218 1298 1274 1346 usui

167 1366 224 1414 isle
258 1370 361 1414 lneolao
373 1368 474 1424 insulae
483 1366 541 1413 liali
552 1369 627 1412 hoece
636 1365 735 1426 frutice,
754 1365 836 1421 ipsius
844 1375 928 1413 ramos
936 1369 1103 1414 mmenusos
1112 1369 1274 1427 contexendo,

165 1447 211 1492 pro
219 1435 323 1492 acplhus
332 1437 364 1482 ad
374 1437 479 1484 inlatos
489 1439 623 1490 turusuue
633 1434 874 1481 nuendosututttnr.

252 1517 425 1579 Xylcpdmsu
442 1519 639 1566 meduanamm
660 1521 789 1566 certesei
809 1517 924 1575 carpidla
940 1531 1030 1576 sapore
1051 1519 1271 1580 aromatico-acri,

165 1590 220 1638 iere
231 1589 336 1645 piperltc
350 1591 489 1646 excellunt3
506 1589 602 1644 lignum
614 1597 727 1636 amumm
739 1591 785 1634 esi.
818 1589 860 1636 Ex
872 1589 913 1636 his
929 1585 1044 1647 thcptn
1056 1588 1158 1635 sericea
1171 1591 1206 1638 st.
1221 1589 1273 1638 llll.

165 1656 294 1717 (hunius,
305 1657 443 1712 Pindalha)
457 1657 608 1704 nominanda
616 1663 668 1716 est,
685 1657 787 1711 plurimi
795 1659 826 1702 oh
836 1656 935 1704 corticis
945 1658 1102 1728 tenacitatem
1111 1659 1138 1706 ln
1147 1656 1273 1706 taurican-

165 1727 207 1774 dls
221 1727 324 1772 iunlhus
332 1727 398 1780 apud
408 1725 575 1772 lirasiileuses
585 1735 659 1784 usus,
678 1725 753 1772 etiarn
762 1728 792 1771 oh
801 1727 919 1772 aromatis
929 1727 996 1772 acris
1006 1727 1186 1782 praestantiam
1195 1736 1273 1782 quae·

165 1796 225 1842 slis.
254 1791 383 1853 Xyloptce
389 1788 570 1852 pacatiores
578 1793 669 1840 suilli.
680 1792 801 1840 tructione
811 1790 941 1850 (Paeona)
951 1794 1016 1841 luter
1023 1795 1161 1841 medicinas
1171 1799 1195 1840 ei
1203 1794 1273 1842 citio-

165 1873 220 1909 rum
234 1863 391 1910 conmenta
403 1867 512 1908 utuntur.
549 1858 883 1923 Xylopr'cmfrstoacenteur
892 1861 925 1910 A.
934 1863 999 1920 nih,
1018 1866 1069 1908 late
1079 1875 1121 1916 per
1129 1863 1272 1910 Amerinam

165 1932 286 1987 iaoplaaiii
298 1932 426 1990 diducam,
444 1931 542 1986 Piperld
555 1932 610 1978 idon
618 1930 732 1986 Nigritae
745 1932 844 1976 hahent.
881 1927 1011 1989 Xylopr’ue
1020 1928 1172 1993 longafolr'm
1181 1933 1213 1977 Α.
1222 1931 1272 1978 DC.

164 1999 284 2057 (Uuonse
292 2000 445 2056 xylopioldls
453 1998 545 2059 lium),
559 2001 591 2046 ud
601 1999 732 2048 ortnoeum
742 1998 887 2058 crescentis,
901 1999 997 2056 tructus
1008 1995 1120 2054 (Fr-situ
1130 1995 1160 2044 de
1171 1996 1270 2054 Burro)

163 2069 267 2116 remedii
289 2068 407 2124 ieirltugl
424 2069 500 2116 lande
515 2069 632 2125 gaudent.
666 2068 750 2114 illlam
765 2067 878 2114 irutlcem
896 2069 1059 2125 petavianum
1081 2064 1159 2114 Um
1176 2080 1271 2128 sueno,

163 2138 236 2192 eujus
248 2137 322 2183 radix
334 2134 474 2192 (cnlnlngs
486 2147 508 2182 s.
521 2135 688 2192 cnlntnlnpa)
702 2136 767 2181 luter
775 2135 991 2190 praestantissima
1000 2137 1141 2184 ciuchonae
1149 2139 1270 2184 succeda-

163 2210 375 2264 connumeratur,
393 2206 627 2253 “Anonscearum
638 2203 759 2250 familiam
768 2209 882 2260 spectare
891 2205 1027 2260 perhibent
1096 2213 1099 2220 ’

248 2269 394 2318 Hcdulc'uc
410 2270 573 2332 aethiopicae
588 2275 622 2323 A.
635 2273 686 2320 litt.
705 2270 823 2328 [Unonoe
841 2273 996 2330 aethiopicae
1013 2273 1106 2331 lium),
1125 2273 1223 2320 iruilcls
1241 2273 1269 2322 in

161 2341 252 2392 Attica
266 2342 361 2400 tropica
373 2342 454 2406 ohvil,
472 2341 584 2402 tructus,
598 2339 703 2400 Piperts
717 2337 858 2400 aethiopico·
869 2341 968 2398 (dnus
977 2343 1072 2400 Zellm,
1091 2341 1211 2398 ilahcell]
1225 2355 1271 2390 no·

160 2409 228 2458 mine
244 2411 303 2458 olim
321 2411 348 2458 in
366 2413 492 2468 Europam
510 2413 638 2471 advectos,
655 2411 787 2457 Veteribus
805 2411 848 2458 diu
867 2414 925 2457 ante
942 2411 1054 2458 adlatum
1066 2415 1098 2459 ah
1111 2412 1181 2458 Indis
1196 2411 1270 2467 Piper

160 2479 260 2536 nigrum
275 2485 298 2527 et
311 2484 423 2539 longum,
442 2481 561 2528 aromatis
571 2477 757 2543 (ntnrpcytccc
767 2477 961 2528 tuisseconstat.
996 2475 1151 2524 Heluetium
1161 2491 1269 2524 areme-

163 2547 343 2597 demand.
356 2547 554 2606 imminute),
567 2549 595 2596 lu
604 2547 809 2604 tlulanaesylvls
818 2551 983 2612 crescentem,
1001 2547 1130 2606 alllgritls
1139 2548 1268 2596 lullonum

162 2617 588 2666 orhemiransveetamcredlderlut.
970 2645 974 2650 -

250 2682 367 2731 Unariue
376 2683 537 2743 (haiminus)
553 2685 828 2734 herculi-amaricanae
837 2689 866 2734 oh
876 2687 974 2734 odorem
982 2696 1135 2733 nauseosum
1143 2690 1268 2734 notantur.

140 2786 147 2798 .
163 2749 281 2800 Ueturiae
291 2753 401 2800 tritoitae
413 2757 481 2801 Turn.
492 2759 516 2800 et
525 2755 558 2802 A
568 2758 609 2802 (ir.
623 2754 743 2811 (Ancme
756 2757 859 2802 trilohae
872 2754 958 2814 bium,
976 2758 1051 2812 vulgo
1061 2757 1172 2816 Pnpaw,
1191 2754 1267 2800 Assi-

160 2822 265 2879 minier)
275 2822 337 2870 iolla
346 2824 378 2870 ad
386 2822 546 2870 maturandos
555 2827 690 2870 abscessus
700 2825 833 2880 languidus
843 2825 997 2873 adhibentur.
1032 2825 1131 2872 Benene
1139 2823 1204 2870 iuter
1212 2825 1267 2880 syl-

160 2895 257 2940 vuires
267 2891 363 2938 tructus
372 2893 544 2952 comedentem
561 2892 658 2939 semina
667 2893 773 2939 emetlca
782 2893 918 2948 perhibent.

244 2961 302 3006 lam
315 2960 347 3006 ad
356 2962 461 3008 uenas
473 2961 545 3015 ipsas
558 2961 713 3019 accedimus,
731 2964 762 3008 oh
775 2961 872 3008 tructus
881 2959 1056 3017 sanluhslmcs
1065 2960 1131 3008 inter
1139 2959 1207 3006 orbis
1217 2963 1268 3006 tro-

157 3025 209 3086 pici
221 3027 327 3076 delicias
340 3027 457 3078 marinis
472 3031 610 3076 celebratas
619 3029 744 3076 leudinus.
779 3032 843 3089 Nos,
862 3029 904 3085 uui
914 3030 984 3086 pyris
994 3029 1122 3086 pomisque
1131 3029 1265 3088 vescimur,

157 3099 249 3144 breves
266 3098 297 3144 de
313 3096 354 3144 his
367 3096 473 3157 snmus,
491 3097 762 3154 praestantissimarum
776 3101 918 3153 pleniorum
931 3098 1061 3145 historiam
1075 3098 1155 3146 amico
1169 3097 1267 3144 charis·

157 3165 236 3226 almo,
257 3165 300 3222 uui
316 3169 364 3214 suit
381 3166 478 3213 Peimis
495 3166 646 3228 ambulavit,
669 3169 841 3222 exponendam
858 3167 1033 3222 relinquentes.
1068 3169 1134 3222 Ergo
1151 3168 1266 3226 Anonae,

158 3243 223 3290 quac
234 3235 429 3291 perAmerlcam
441 3235 559 3292 tropicam
573 3237 702 3291 dispersae
716 3239 855 3290 sylvestres
868 3239 1018 3294 naseuntur,
1036 3238 1066 3282 clu
1080 3235 1143 3292 tigni
1157 3233 1269 3290 quatita-⁸

158 3308 208 3362 tes,
226 3305 257 3351 ad
272 3304 373 3351 diversa
384 3315 459 3359 opera
471 3309 640 3365 praestantes,
659 3303 784 3360 indigenis
797 3305 1006 3350 commendantur.
1039 3305 1147 3350 Fructus
1157 3303 1266 3350 terarum

157 3383 214 3419 cum
231 3372 318 3428 aliqua
334 3373 495 3420 adstrictloue
512 3383 642 3428 mucosus,
660 3372 746 3428 exigui
763 3371 790 3418 in
808 3385 835 3418 re
848 3373 983 3420 domestica
996 3377 1021 3418 et
1033 3372 1130 3417 medice
1144 3383 1205 3418 usus
1219 3377 1266 3419 est.

156 3435 264 3486 Attanae
275 3437 435 3485 reticulatus
446 3441 533 3501 laium,
552 3439 579 3486 in
592 3440 697 3486 Antillls
710 3440 857 3500 indigenae,
876 3441 971 3496 passim
985 3451 1052 3487 nuno
1066 3451 1110 3494 per
1123 3440 1266 3486 American

157 3509 431 3566 impleamdlspersae,
450 3507 547 3554 iunctus
559 3507 658 3554 vilioris
673 3512 746 3555 uotae
759 3514 832 3568 suoi,
851 3513 909 3555 ante
922 3510 1088 3556 maturitatem
1101 3509 1191 3555 siccati
1200 3508 1266 3556 inter

156 3577 265 3624 remedia
278 3578 305 3624 iu
315 3575 452 3623 diarrhcels
462 3581 487 3622 et
495 3576 645 3630 dysenterlls
653 3577 761 3632 prudeus
769 3583 938 3625 numerentur.
973 3579 1044 3624 Folia
1053 3577 1223 3634 mveoleniia
1232 3576 1266 3622 ad

156 3646 319 3692 maturandos
332 3647 466 3691 abscessus
475 3644 623 3691 adhibentur
636 3648 661 3692 et
669 3645 786 3693 remediis
794 3645 943 3702 vermltugis
952 3651 1124 3694 accensentur.
1158 3647 1180 3692 ll
1188 3644 1266 3692 seml-

155 3711 232 3761 rtihus
242 3711 827 3783 exumiumvehementlusadstrlcgeusparare
836 3717 925 3761 solent.

242 3775 349 3826 Ancurae
361 3777 532 3826 diminutius
547 3781 627 3843 lilith,
645 3785 713 3839 apud
726 3784 854 3830 Peruartos
868 3783 1017 3842 crescentis,
1035 3785 1066 3830 oli
1081 3783 1178 3831 tructus
1191 3781 1264 3838 sapl-

157 3841 274 3896 tllssimos
293 3851 372 3906 malon
388 3849 456 3898 tama
469 3853 515 3898 esi.
549 3849 632 3908 llutos
644 3855 768 3900 culturam
780 3852 857 3899 eiiam
869 3851 897 3899 in
910 3850 1033 3910 llispauia
1047 3856 1167 3900 tenutam
1181 3851 1264 3898 inisse

158 3921 266 3967 weitai.

241 3981 340 4035 Ancus
356 3995 497 4048 squamosa
512 3986 586 4037 Llnn.
606 3993 631 4036 et
649 3984 743 4036 Annae
755 3986 888 4034 mulcato
904 3989 990 4049 iilum,
1009 3988 1113 4036 moenis
1125 3988 1264 4046 natalitius,

156 4053 222 4104 inter
239 4057 348 4115 tropicos
365 4056 441 4104 tutius
454 4059 521 4105 oritis
535 4061 657 4105 coluntur.
692 4059 799 4105 istarum
813 4057 909 4104 tructus
921 4057 1090 4114 (syuoarpia)
1104 4063 1154 4104 tam
1170 4058 1264 4104 tornae

156 4125 296 4188 elegantia,
311 4136 386 4182 quam
395 4127 599 4182 saporelueundo
609 4131 632 4172 ct
642 4127 714 4173 odore
723 4125 799 4174 suavi
807 4129 946 4188 excellunt,
961 4129 1026 4173 unde
1034 4125 1158 4182 imprimis
1167 4125 1264 4172 colonia

154 4193 295 4250 Europaeis
305 4195 333 4243 in
346 4195 446 4242 deliciis
458 4199 591 4254 hahentur,
609 4194 700 4250 quippe
715 4195 813 4250 calvel
827 4196 925 4252 tenuius
934 4196 1011 4243 sumti
1019 4196 1124 4243 sanitati
1133 4196 1199 4242 haud
1209 4193 1263 4240 cti-

155 4259 238 4324 clunt,
254 4269 282 4310 ut
299 4264 346 4312 alil
363 4265 460 4312 tructus
480 4261 579 4322 tropici,
598 4262 647 4310 imo
664 4265 690 4309 ln
709 4263 800 4311 moritis
819 4265 979 4323 digestionis,
998 4264 1035 4312 uti
1049 4263 1076 4312 iu
1089 4262 1226 4312 dlurmoets
1239 4267 1264 4308 et

156 4329 319 4394 dysenterlls,
337 4343 400 4388 enas
417 4335 490 4380 nulla
505 4331 707 4380 inflammationis
726 4338 892 4389 symptomata
905 4332 1068 4392 comitantur,
1087 4331 1171 4389 potius
1185 4331 1263 4378 saluti

149 4402 222 4445 auct.
256 4401 357 4448 istusiu
368 4402 484 4450 ,imerius
494 4401 636 4464 trudlgenas,
655 4402 829 4459 perreliquam
838 4403 905 4452 orinia
914 4410 1033 4453 terrarum
1042 4405 1144 4462 placari
1155 4401 1262 4450 calida·
