2988 5040
685 315 814 408 'tea

223 553 314 608 nntius
327 553 526 600 amarentaceae
538 563 594 600 cum
604 549 813 608 elenopouteccto
827 563 844 599 a
857 551 997 613 nonnullis,
1014 563 1060 599 nec
1073 551 1189 600 fortassis
1203 555 1332 616 immerite,

223 623 412 680 adsumuntur,
439 621 618 677 Paronyclrieis
641 622 767 676 proximae
789 625 860 682 aunt,
888 623 1038 678 stipularum
1061 627 1084 668 et
1107 627 1216 672 corollae
1235 625 1332 674 delectu

224 693 322 737 abunde
337 692 459 736 diversae.

309 767 569 838 dicasmuta.
592 777 628 822 De
638 777 877 822 Amarautacearum
886 788 930 831 per
937 780 1019 822 orbem
1030 779 1149 822 terrarum
1159 777 1332 826 distributione

188 853 194 859 ·
222 843 399 898 quaerentibus
408 851 524 902 apparet,
543 843 593 889 vim
603 845 708 902 ordinis,
727 845 1058 900 coelumlrigidurupeuitus
1068 844 1200 904 fugientis,
1216 845 1241 890 iu
1252 849 1332 903 reglo-

221 913 297 958 niiue
312 913 413 966 tropicis
427 914 548 968 residere,
568 913 689 966 plurimas
702 913 728 958 lu
738 913 856 958 America
869 914 952 960 calida
965 914 1091 970 getterari,
1111 913 1230 960 minorem
1239 927 1295 961 ease
1304 916 1332 962 ln

221 980 288 1027 Asia
304 979 401 1026 fervida
419 977 460 1034 [in
478 980 565 1034 majori
579 991 695 1035 generum
713 982 865 1026 naturalium
882 980 1019 1036 varietate]
1037 982 1176 1036 specierum
1194 995 1331 1042 numerum,

224 1059 271 1093 nec
286 1057 356 1094 rarae
370 1061 428 1094 esse
442 1049 532 1094 termas
545 1049 571 1096 in
585 1049 685 1104 Atrion,
704 1060 807 1103 nuatum
823 1050 944 1105 plurimae
954 1055 1049 1108 tamen,
1069 1051 1176 1096 nondum
1186 1052 1259 1096 certis
1269 1053 1331 1098 locls

224 1127 241 1162 a
250 1117 372 1163 dotanlcis
383 1116 536 1173 adscriptae,
556 1118 581 1162 ln
596 1118 798 1172 phytoplrylaclis
808 1118 964 1164 delitescunt.
999 1119 1026 1164 ln
1037 1119 1156 1163 America
1166 1121 1333 1174 extrotropica

223 1195 304 1239 usqne
317 1185 348 1228 ad
363 1179 409 1228 ⁴⁴⁰
421 1187 450 1230 L.
465 1187 493 1230 lt.
507 1191 531 1230 et
545 1187 575 1230 ad
587 1182 635 1229 θίν’
646 1187 674 1230 li.
684 1187 715 1232 Α.
730 1187 795 1231 traud
806 1186 974 1240 infrequentes
983 1187 1113 1242 habitant,
1127 1187 1152 1231 in
1162 1187 1331 1234 Astalmreali

225 1254 403 1310 extremumue,
421 1253 444 1298 si
462 1254 586 1310 regionem
599 1254 788 1312 occidentalem,
806 1253 911 1299 Africae
923 1255 995 1299 llttne
1008 1258 1173 1313 spectantem,
1193 1258 1331 1316 exceperis,

224 1320 370 1366 rarissimae
383 1325 453 1378 aunt5
471 1325 555 1376 plures
569 1327 638 1366 trans
648 1323 819 1376 capricornum
832 1322 993 1381 generentur,
1012 1323 1039 1366 ln
1049 1321 1140 1368 ,africa
1153 1324 1258 1378 capensl
1271 1335 1329 1378 par-

215 1389 278 1434 ·clus
296 1389 449 1448 habitantes,
467 1391 593 1443 copiosius
606 1389 690 1436 Novae
703 1390 852 1436 llullandiae
868 1401 924 1436 oras
943 1395 967 1436 et
985 1391 1093 1436 insulam
1106 1391 1209 1436 Diemen
1225 1391 1331 1438 circum·

224 1460 316 1502 colunt.
351 1460 448 1504 Genera
465 1459 576 1504 antuerie
591 1459 790 1504 unllecularlhus
808 1461 900 1504 donata
913 1457 1128 1515 (Gomphreneacj
1142 1459 1168 1504 in
1183 1463 1250 1505 Novo
1264 1461 1330 1506 cen-

225 1523 330 1583 tinente,
348 1527 447 1579 rellnua
454 1525 480 1570 ln
490 1527 567 1572 veteri
577 1527 729 1580 frequentius
739 1528 813 1572 odvia
821 1531 948 1574 hahemus.
975 1529 996 1573 Ε
1005 1527 1170 1582 polyspermis
1180 1525 1331 1586 (Celusius)

224 1593 393 1648 paucissimae
401 1593 499 1650 species
507 1595 533 1638 ln
542 1595 660 1640 Amerlca
668 1600 779 1648 repertae
789 1595 895 1642 luerunt.
918 1598 1039 1642 (tenerum
1048 1598 1223 1642 nonnullorum
1232 1597 1331 1651 species

224 1663 275 1707 late
293 1662 449 1722 divulgatae,
472 1663 524 1708 alia
542 1665 626 1708 Norae
644 1664 805 1720 lloltandlae,
828 1665 911 1718 caput
928 1667 1007 1711 bonae
1024 1665 1092 1724 spel,
1113 1664 1195 1712 Asiae
1214 1665 1330 1724 tropicae,

224 1733 346 1775 nonnulla
362 1729 441 1776 veteri
459 1731 525 1790 oriri,
544 1734 664 1786 quaedam
682 1743 746 1777 novo
758 1733 858 1788 propria
872 1736 938 1778 sunt.
973 1734 1180 1779 Alternautlrerae
1192 1733 1292 1790 generis
1306 1739 1331 1780 et

223 1799 414 1844 Amaranturum
431 1799 504 1846 sedes
521 1801 645 1846 latissime
662 1804 755 1853 patent·
790 1801 883 1846 Horum
901 1803 1037 1846 nonnullae
1054 1801 1165 1860 speclea,
1192 1801 1331 1856 opitulante

224 1869 338 1925 cultura,
355 1877 399 1922 per
416 1871 535 1914 terrarum
552 1871 635 1914 oriem
652 1867 757 1924 dilianae
774 1875 845 1928 sunt,
865 1871 986 1924 quaedam
1004 1870 1030 1914 lu
1048 1870 1148 1924 Europa
1166 1870 1330 1930 reperiuntur,

223 1945 273 1980 non
286 1937 359 1990 longe
372 1937 404 1982 ab
414 1936 538 1982 ltominum
548 1937 672 1982 domicilio
682 1941 800 1996 remotae,
818 1940 876 1983 loca
884 1941 954 1984 culta
962 1942 986 1982 et
993 1937 1103 1990 tnnuteto
1112 1938 1252 1984 mortalium
1262 1949 1328 1984 com-

205 2003 315 2050 tmerclo
327 2004 395 2062 trlta,
414 2005 501 2058 quattu
510 2005 723 2060 cuenopodtocets
735 2005 872 2052 familiaria
881 2018 938 2051 esse
946 2008 1041 2066 solent,
1060 2010 1184 2064 tenentes,
1200 2011 1296 2052 montes
1306 2013 1331 2054 et

224 2075 353 2126 sylvarum
363 2083 478 2118 recessus
487 2073 594 2128 tugiunt.
613 2074 784 2128 Achvrantlris
793 2086 872 2130 gemus
881 2085 896 2120 a
906 2074 1005 2130 regione
1014 2075 1193 2120 mediterranea
1202 2079 1227 2120 et
1237 2075 1330 2122 iueulls

225 2139 367 2198 atlanticis,
386 2151 429 2194 per
445 2151 540 2186 ornnem
552 2141 666 2188 Africam
681 2147 704 2187 et
717 2143 807 2188 Asiam
820 2143 976 2202 calidiorem,
995 2141 1021 2188 in
1034 2145 1128 2188 Novam
1137 2143 1295 2189 llollaudiam
1305 2148 1330 2188 et

223 2208 369 2254 Norlolkiee
383 2209 492 2254 insulam
506 2209 628 2268 excurrit,
647 2211 673 2256 in
682 2211 800 2257 Amerlca
809 2211 902 2257 nemini
910 2210 1000 2257 visum.
1035 2211 1240 2257 Americenarum
1250 2212 1330 2266 pluri-

223 2287 279 2324 mas
288 2279 341 2322 solo
350 2280 420 2324 salso
429 2278 561 2336 delectari,
580 2279 701 2324 litterales
710 2278 825 2324 sociatim
833 2279 930 2337 vivere,
945 2282 1083 2332 sylvestres
1093 2283 1117 2324 et
1126 2280 1285 2338 monticolae,
1301 2280 1329 2326 ln

224 2345 322 2402 guenite
336 2350 359 2390 et
367 2346 462 2394 scutato
471 2346 579 2393 micaeeu
588 2348 716 2408 sedentes,
734 2347 977 2406 aparslmereacere,
995 2348 1099 2392 relatum
1107 2351 1155 2392 est.
1187 2347 1329 2396 iudicaram

226 2415 347 2467 quaedam
356 2415 477 2460 stationes
486 2417 567 2462 elatae
578 2419 670 2462 tenent.

309 2491 530 2558 filialitate!
544 2506 684 2552 etuaua.
728 2503 927 2548 Amarantaceae
948 2501 1047 2562 piures,
1074 2501 1189 2548 loliorum
1211 2505 1329 2550 contextu

222 2568 365 2616 laxiusculo
375 2571 494 2630 donatae,
512 2571 664 2626 mucltaglne
672 2569 784 2626 insipida
793 2577 818 2616 et
826 2569 1049 2630 saccharc'tcetae‚
1064 2571 1128 2617 lnter
1138 2573 1238 2625 plantas
1247 2574 1329 2617 olera-

223 2647 282 2685 ceae
294 2637 391 2684 vilioris
404 2643 477 2684 uotae
490 2643 635 2697 censentur,
657 2639 948 2694 intercinenopndtecees
960 2637 1107 2698 Spinaciae,
1125 2639 1291 2694 Atrtpttctcoe
1304 2645 1329 2686 et

223 2709 325 2754 aeteceo
338 2707 399 2752 oleri
413 2709 606 2764 comparandae,
625 2707 716 2760 quibua
729 2707 866 2753 etiamrusu
878 2713 902 2752 et
916 2706 1037 2761 qualitate
1050 2707 1145 2754 medica
1158 2707 1328 2767 relrlgerante,

222 2775 363 2821 emolliente
375 2779 399 2820 et
412 2779 586 2829 expectorante
594 2775 690 2821 similes
700 2779 765 2821 sunt.
800 2778 942 2823 Nonnullae
951 2771 1042 2822 virtute
1050 2778 1139 2822 leniter
1148 2776 1327 2834 adstringente,

222 2842 290 2889 allae
308 2841 406 2889 uiribus
423 2843 600 2898 diaplrorctlcle
618 2849 641 2889 ct
659 2843 802 2903 dlureticls,
819 2845 988 2898 paucissimae
1001 2845 1090 2891 toaleis
1104 2849 1127 2891 et
1140 2844 1328 2892 stimulantibus

223 2910 364 2970 praeditae,
382 2911 447 2957 inter
459 2912 569 2956 medicas
581 2913 697 2957 ludorum
712 2917 735 2956 et
747 2911 951 2958 Americauorum
965 2915 1065 2966 plantas
1080 2917 1212 2969 trahentur,
1232 2913 1280 2958 iuro
1294 2915 1325 2958 oio

222 2979 320 3026 semiue
328 2982 469 3040 mylanae,
488 2981 513 3024 iu
528 2982 841 3040 annonamconvertenda,
860 2991 910 3026 una
919 2985 943 3026 et
952 2983 1031 3025 altere
1041 2982 1066 3026 in
1075 2982 1147 3026 ludia
1155 2983 1276 3026 coluntur.

308 3042 470 3093 Ammonias
485 3045 583 3092 aleton
595 3048 668 3094 Llnn.
687 3053 711 3093 et
722 3050 821 3102 spectes
834 3049 921 3095 aflines
935 3049 1033 3104 (lierda
1045 3049 1119 3106 altu)
1133 3050 1258 3095 veteriuua
1270 3059 1327 3094 cum

221 3116 388 3172 Atrtpttctoos
401 3118 465 3163 luter
473 3118 581 3163 remedia
590 3116 728 3175 adhibitus,
747 3117 877 3163 hodiedum
887 3119 1008 3163 aruatlca
1017 3119 1115 3164 Galliae
1123 3125 1147 3162 et
1157 3117 1246 3164 ltaliae
1255 3120 1328 3171 plebe

223 3185 358 3241 Spinaciae
367 3190 420 3231 luco
430 3186 551 3240 connitor.
585 3187 659 3242 Apud
668 3187 755 3244 Indos,
770 3187 857 3240 nultius
867 3197 967 3232 carnem
976 3189 1102 3232 comedere
1112 3186 1198 3240 religio
1207 3191 1258 3244 est,
1272 3188 1328 3239 plu·

221 3255 278 3301 rlml
287 3255 418 3300 amaranti
431 3256 458 3300 ln
470 3253 573 3302 cibariis
585 3259 651 3301 sunt.
688 3251 877 3310 Gotnplorennm
890 3253 1021 3314 globosam
1035 3254 1119 3312 itinn,
1140 3251 1266 3298 Gelonium
1281 3265 1328 3296 nr·

218 3326 338 3382 geniatum
348 3322 432 3384 bima,
448 3321 574 3367 Calcatum
584 3323 804 3382 mergaritneenm
814 3325 900 3382 Lirim,
916 3320 1025 3367 Aeruum
1035 3320 1154 3367 lunatam
1164 3322 1238 3368 Lirin.
1248 3323 1329 3367 alias·-

220 3403 270 3446 qua
283 3391 380 3438 similes
391 3395 490 3447 plantas
499 3393 564 3437 inter
571 3396 662 3437 herbas
672 3395 798 3438 solventes
807 3395 920 3438 laudant.
955 3387 1127 3435 Ammontem
1137 3388 1243 3435 nitidem
1253 3390 1326 3436 Liuu.

221 3457 347 3514 (cernui)
362 3461 509 3517 Brasiltani,
529 3457 701 3504 Amarantum
719 3461 848 3516 epo'noeunr
861 3461 935 3506 Linn.
953 3461 1127 3506 lamalcenses
1143 3459 1209 3504 inter
1222 3459 1327 3514 opsonia

220 3533 322 3583 ponunt.
359 3523 515 3586 Deeru'ngioe
524 3527 667 3572 celoeinetlle
680 3531 709 3573 lt.
720 3531 760 3574 Br.
776 3528 845 3574 loliis
859 3529 1054 3574 amaricantibus
1069 3532 1093 3572 et
1103 3527 1224 3572 acrldnlle
1234 3526 1327 3572 Javanl

221 3597 247 3642 iu
261 3596 367 3641 variolis
381 3601 490 3640 utuntur.
527 3593 653 3654 Pupnltne
658 3599 814 3653 prostratae
823 3601 895 3643 Mart.
910 3600 987 3641 herba
1000 3597 1066 3649 apud
1075 3597 1148 3639 ludos
1159 3595 1280 3648 plurimae
1290 3600 1330 3639 eet

189 3687 194 3704 ·
220 3664 312 3721 laudis,
324 3665 350 3711 ln
358 3664 539 3710 diversissimis
549 3665 639 3711 morbis
648 3667 825 3711 commendata.
838 3665 986 3710 combustae
995 3664 1090 3708 cineres
1101 3663 1196 3707 famosa
1206 3662 1231 3707 ln
1240 3663 1328 3708 scabie

221 3733 354 3780 medicina.
389 3728 572 3790 Aeltyruntlaee
589 3745 684 3791 nupera
696 3734 769 3779 litun.
788 3732 943 3788 (cuircuita)
961 3737 985 3778 et
1000 3727 1181 3786 Achysreatleec
1188 3729 1328 3791 fruticeta

222 3801 295 3848 Linu.
310 3801 336 3848 iu
348 3803 455 3857 hydrope
468 3804 680 3861 commendantur,
700 3802 804 3856 priorem
813 3801 887 3854 etlam
896 3801 1017 3847 adversus
1027 3803 1168 3852 serpentum
1177 3809 1275 3845 morsus
1284 3811 1329 3845 sa·

221 3873 326 3918 luterem
345 3871 423 3930 cretil,
443 3874 544 3917 relatum
564 3876 609 3918 eet.
646 3868 763 3914 Celerina
777 3870 905 3913 cristatae
917 3869 991 3914 Linn.
1009 3868 1099 3923 (vulgo
1113 3868 1326 3926 llairuenlranrmJ,

221 3939 337 3996 plurimis
350 3938 515 3985 varietatibus
529 3940 644 3985 sinerum
655 3942 685 3986 ad
696 3940 834 3993 exemplum
844 3937 869 3982 in
879 3941 975 3992 patrum
985 3941 1124 3986 nostrorum
1133 3936 1262 3982 viridariis
1272 3939 1327 3981 cul·

221 4012 276 4065 tae,
294 4009 366 4054 lures
376 4009 545 4065 adstringunt,
564 4007 589 4053 ln
599 4009 794 4054 Asiaadverans
808 4007 961 4064 diarrlroeas,
976 4007 1183 4064 ulennorrlroeas,
1199 4005 1326 4059 copiosum

221 4081 402 4124 menstruorum
414 4076 520 4136 luxum,
538 4077 738 4124 lraematemeslm
752 4075 866 4129 aliosque
878 4077 973 4120 meritos
986 4074 1099 4129 indigenl
1110 4085 1182 4119 usus,
1217 4071 1327 4117 merno-

221 4142 333 4189 chnetne
346 4148 554 4203 «tropat-pareus
567 4147 617 4191 tic.
633 4149 656 4190 et
670 4138 1052 4201 Dcentocdneiaefluoeccentie
1062 4143 1111 4188 DC.
1122 4143 1196 4188 radix
1205 4143 1327 4188 adversus

222 4213 395 4259 intestinorum
411 4215 516 4260 tormina
525 4219 549 4260 et
558 4215 584 4260 in
593 4213 822 4260 haemorrhoiditous
831 4212 921 4260 ellcax
929 4215 1037 4267 putatur.
1073 4207 1253 4268 Gompdreaae
1265 4217 1326 4252 eer-

221 4277 356 4325 nemum
366 4283 418 4327 sw.
430 4281 491 4328 iolla
499 4281 525 4330 in
535 4281 640 4329 Antilile
650 4283 719 4327 aceto
729 4281 828 4328 condlta
836 4283 978 4338 comeduut,
988 4279 1085 4328 viribus
1095 4279 1222 4326 dluretlce,
1246 4273 1326 4320 Gora-

218 4344 335 4406 pdrerure
347 4346 491 4406 officinalis
504 4351 577 4396 llari.
595 4353 619 4396 et
638 4346 818 4407 Gompdreaae
831 4347 1046 4406 moer-omphalae
1059 4352 1094 4394 st.
1109 4350 1158 4394 llil.
1178 4345 1325 4401 (Perpetua,

221 4417 286 4464 ltaia
296 4419 325 4464 de
334 4419 415 4465 Paure
424 4419 552 4477 salerna)
562 4418 634 4465 radix
644 4421 759 4465 tueerose
766 4419 858 4466 virtute
868 4418 964 4479 tonica,
982 4419 1127 4464 stimulante
1136 4419 1246 4476 pollens,
1262 4415 1325 4460 lira·
