2988 5040
684 378 693 400 ,
717 319 791 384 flio

644 417 856 432 ffl-

267 529 590 649 assumm-
875 519 1281 628 ‘'ffl'ri'nffiriiissrmso.

398 653 526 696 betoleno
536 649 608 706 scop.
874 634 896 677 ὅ·
912 632 1057 690 ᾸΙΡΜΙῠΜ
1066 631 1136 676 M

396 711 631 759 nunnamenster.
640 709 719 756 aar».
839 696 916 744 ²¹⁶⁸·
934 689 1201 750 sooomrpooasr.

270 785 345 830 aila.
363 783 553 838 Andripetetnn
564 777 664 826 &horn
969 752 1058 808 cuith
1067 751 1115 795 ΚΝ·
1126 757 1151 794 et
1162 750 1212 796 Sol.

398 837 666 896 deuteronomion.
801 837 966 884 rarecort.
986 835 1180 882 ssnnsrntn.

270 911 346 958 2¹⁶0.
365 910 463 956 ilelicia
475 906 553 953 bour.
840 919 917 964 aiot.
935 911 1180 974 iianltsiaLr'nn.fi!.

397 967 585 1025 ueumpiptlo·
594 965 672 1014 aas.
874 989 898 1019 a.
914 975 1126 1020 Enbanksiaidnrlt.

268 1041 346 1088 aiot.
363 1038 484 1094 linigbtla
494 1035 524 1082 tt.
536 1035 583 1085 ar.
873 1035 897 1080 b.
910 1035 1022 1090 lmotylis
1031 1035 1061 1078 a.
1072 1035 1115 1080 ln.

207 1137 211 1150 ,
304 1121 327 1148 a.
343 1103 587 1159 cdokoipitiolc'odt.
841 1097 918 1144 21⁶8.
936 1099 1069 1152 Bullatium
1077 1094 1109 1141 R.
1121 1093 1167 1140 tir.

307 1165 330 1210 d.
344 1163 558 1221 Eucmprbaisstr.
937 1216 943 1228 Ι
967 1151 1235 1211 Jorepiiottmtsal.

242 1263 471 1313 cusrurscsrt.
490 1265 733 1312 supernatans.
875 1230 899 1320 ’ᾖ
911 1213 1188 1332 ffflssffi'pffjffi‘

269 1347 346 1394 aree.
362 1333 531 1394 ampornnon
544 1341 629 1394 soro.
840 1337 916 1382 otoo.
933 1329 1184 1383 denintunam.

268 1415 345 1460 atos.
363 1413 499 1460 Oreooeiiis
510 1409 541 1460 R.
551 1409 597 1460 Br.

211 1481 220 1494 ·
270 1485 346 1530 stol.
363 1483 473 1536 meropes
483 1478 513 1528 a.
523 1479 570 1529 nr.
908 1450 1044 1505 Genera
1061 1448 1172 1501 dubia.

397 1539 672 1594 sytoppoottmtsat.
841 1566 880 1598 ..Ἴ
891 1543 1020 1600 mmm„
1028 1535 1059 1588 Α,
1070 1537 1150 1588 cm,

270 1611 346 1657 215³.
362 1607 574 1659 annalistam.
839 1631 873 1644 -
891 1609 1020 1670 cylindris
1028 1605 1109 1654 Leuc.

289 1738 488 1796 Affinim·
523 1747 673 1796 Proteaceae
682 1745 767 1795 babitu
777 1747 839 1796 mire
848 1747 954 1794 formoso
962 1748 985 1793 et
995 1743 1181 1793 characteribus
1190 1743 1310 1790 tacituros

201 1813 403 1876 distinguendae,
422 1816 553 1870 areiiouls
562 1819 768 1872 i'bpmelaearnm
778 1817 907 1864 ordinibus
917 1815 1058 1871 embryonis
1071 1813 1255 1862 exalbuminosl
1267 1824 1310 1858 ra·

201 1882 299 1940 dicuin,
318 1885 392 1930 etium
411 1883 437 1932 in
451 1883 523 1930 uaria
537 1889 675 1942 gemmulae
689 1885 823 1932 directione
836 1891 860 1932 et
873 1885 899 1932 in
912 1885 958 1931 nui
971 1885 1023 1930 situ
1036 1884 1148 1942 diverso,
1166 1885 1310 1929 constanter

202 1953 282 1999 basim
296 1953 420 2007 carpicunr
430 1953 593 2013 respiciente,
612 1955 739 2013 ditterunt,
758 1953 902 2012 eperiponii
912 1951 1105 1999 conformatione
1114 1957 1139 1998 et
1148 1952 1232 1999 dorum
1243 1949 1308 1996 facie

202 2020 314 2076 aliquam
322 2033 379 2068 oum
386 2022 568 2074 borantbaoeis
577 2023 721 2071 aidnitatour
731 2025 799 2070 baud
808 2027 913 2070 obscure
922 2023 1060 2077 prodentes.

288 2107 552 2186 Getm‘i'ophia·
574 2127 603 2171 In
612 2124 755 2182 regionibus
765 2125 865 2180 tropicis
874 2131 943 2171 trans
952 2123 1124 2178 capricornum
1133 2121 1190 2168 sitis
1199 2121 1308 2168 maximo

202 2201 305 2238 numero
323 2191 507 2250 provenientes,
530 2192 555 2236 in
575 2193 662 2246 capite
680 2197 760 2240 bonas
776 2193 831 2247 spei
849 2193 915 2239 etin
935 2195 1004 2238 Nova
1021 2190 1169 2250 liuilandia,
1186 2189 1308 2244 imprimis

202 2259 321 2318 australi,
340 2261 469 2316 copiosae,
489 2260 513 2304 in
527 2262 597 2306 Nora
611 2262 749 2308 sectandis
765 2266 788 2306 ot
802 2260 920 2308 Amerina
934 2261 1041 2307 australi
1053 2259 1219 2314 extratropiea
1232 2261 1309 2304 morito

201 2327 310 2374 rariores
323 2331 469 2374 nascuntur.
504 2329 574 2376 Nora
583 2329 717 2376 iioilundia
726 2328 820 2385 tropica
829 2333 852 2374 et
861 2327 926 2376 Asia
934 2329 1126 2384 aequinoctialis
1136 2333 1205 2374 trans
1215 2337 1309 2381 aeuus·

203 2401 279 2442 torem
294 2407 388 2450 paucas
403 2396 461 2452 alit,
480 2396 505 2441 in
515 2397 633 2444 Ameriae
646 2399 782 2444 nonnullae
794 2398 832 2444 eis
845 2402 870 2443 et
883 2401 953 2444 trans
965 2398 1057 2442 lineam
1066 2397 1192 2452 nubilant,
1211 2404 1309 2450 paucae

202 2463 228 2510 in
238 2463 340 2511 Atrione
352 2463 544 2520 aequinoctialis
557 2465 658 2522 regione
671 2466 812 2522 motionem
824 2470 952 2524 spectante
965 2469 1110 2514 observatae
1123 2464 1230 2510 luerunt.
1265 2463 1308 2510 Cis

201 2541 319 2579 oaucrum
331 2536 402 2580 nulla
410 2533 475 2580 visa.

288 2617 415 2664 Maximus
424 2623 462 2664 est
471 2618 609 2674 specierum
618 2620 643 2665 in
652 2621 736 2667 Nouae
745 2620 995 2667 iioiiandiaesaxoso
1004 2623 1028 2665 et
1037 2616 1212 2665 enoetollttore
1221 2625 1308 2660 nume-

204 2695 260 2745 ns,
277 2691 302 2732 et
311 2687 417 2742 piurima
427 2688 462 2734 ibi
474 2699 591 2744 generum
605 2690 723 2736 uarietas.
758 2689 969 2744 breonenttssime
981 2692 1062 2734 eutem
1074 2688 1101 2734 tn
1114 2684 1222 2738 ingentis
1236 2683 1308 2730 illius

203 2755 304 2800 insulse
314 2757 413 2812 regione
423 2755 557 2802 libonotum
566 2763 695 2812 spectante
704 2764 816 2814 repertae
826 2758 937 2816 luerunt,
955 2761 1098 2802 euronotum
1107 2764 1196 2798 versus
1206 2763 1308 2798 numero

203 2822 458 2882 norpnitrilimminuto;
469 2826 591 2887 utrinque,
602 2838 651 2882 oua
660 2827 731 2871 littus
742 2831 839 2872 boream
847 2837 936 2871 versus
948 2824 1065 2883 excurrit,
1074 2821 1308 2882 rarioreslrabitant,

204 2893 356 2938 decremento
374 2893 399 2938 in
419 2894 533 2939 orientali
550 2897 639 2952 plaga,
658 2895 789 2948 disiectum
802 2895 940 2938 insularum
954 2895 1048 2938 vallum
1062 2892 1203 2946 spectante,
1222 2895 1245 2934 et
1259 2889 1307 2934 soli

203 2959 291 3014 irrigui
309 2961 452 3016 benigniore
466 2967 555 3008 ustura
567 2963 643 3010 etiam
657 2963 739 3018 spiris
753 2963 851 3008 consita
864 2961 998 3016 rapidiore,
1016 2960 1099 3004 mines
1112 2959 1143 3004 ed
1156 2959 1307 3004 occidentem

203 3027 347 3086 manifesto,
370 3031 413 3075 ubl
431 3037 589 3086 praeruptum
606 3033 677 3078 littus
696 3041 801 3076 saeuum
818 3033 958 3083 prospectat
979 3031 1098 3085 pelagus,
1119 3027 1239 3072 vastitate
1261 3026 1308 3072 iut-

204 3097 289 3154 mane,
308 3102 331 3142 et
345 3098 401 3152 ipsa
411 3105 477 3144 terra
486 3099 568 3146 minus
578 3103 610 3146 ab
619 3100 691 3146 arida
700 3098 791 3144 littoris
800 3096 936 3155 australis,
954 3100 1026 3152 grata
1035 3095 1177 3142 Protoacels
1187 3095 1308 3149 stirpibus

202 3164 362 3211 inelementia
375 3167 461 3212 diiiert.
480 3167 736 3224 Quaeinrertropieos
745 3166 922 3213 Austraiasiae
932 3165 1078 3222 gignuntur,
1092 3166 1122 3209 ab
1134 3163 1308 3218 extrutropicis

203 3245 293 3289 genere
302 3247 352 3281 non
360 3233 486 3291 uiderunt,
505 3247 602 3294 earum,
616 3248 680 3289 quae
690 3235 782 3290 positos
791 3245 807 3281 a
816 3240 905 3281 natura
914 3239 1026 3281 austrum
1035 3243 1125 3278 versus
1135 3231 1214 3296 ordini
1224 3231 1308 3276 termi-

203 3311 248 3348 nos
261 3307 385 3350 extremes
399 3305 555 3363 contingunt,
574 3305 695 3358 quaedam
708 3304 748 3350 sui
762 3303 941 3360 mergereris,
958 3305 1046 3348 barum
1055 3303 1308 3346 nonnullaesummoa

203 3369 303 3416 insulae
316 3372 419 3418 iliemen
432 3380 527 3418 montes
540 3374 702 3420 adscendunt.
736 3372 901 3418 Foiiiculares
917 3375 1088 3426 polyspermae
1099 3365 1306 3424 (Eneiottero'eoe)

203 3437 230 3484 iu
247 3440 317 3485 Nora
337 3441 470 3486 lloiiandiu
487 3441 635 3486 occidentali
653 3442 759 3487 nondum
777 3440 861 3501 uisae,
884 3440 1029 3484 orientalem
1045 3438 1170 3494 incolunt,
1188 3437 1263 3482 etiam
1281 3435 1308 3482 iu

202 3508 272 3551 Nora
286 3507 421 3553 caledonia
435 3510 589 3554 obaematae.
624 3507 756 3554 citienses
769 3514 792 3554 et
805 3507 988 3565 magellanicae
1001 3515 1033 3550 ex
1046 3507 1134 3550 barum
1147 3504 1307 3550 contubernio

203 3581 275 3635 sunt,
294 3573 438 3620 altomatlis
447 3575 622 3622 austraiasieis
631 3587 705 3634 acore
715 3579 869 3622 evellendae.
896 3577 949 3620 iias
959 3573 1109 3627 0reoenllis,
1128 3585 1207 3626 uenus
1217 3583 1308 3628 perua-

202 3643 391 3700 nunstpicota,
410 3643 531 3689 atinitate
545 3645 673 3699 conringit.
708 3645 874 3690 iioltlculnros
887 3644 1068 3700 otigospermae
1082 3638 1248 3696 (iiakeoeoe)
1264 3651 1308 3694 per

203 3721 298 3756 omnen
315 3714 400 3756 Norae
417 3713 567 3760 lloliandiae
583 3721 652 3758 oram
670 3713 776 3759 uitiosae
791 3717 863 3771 suru,
882 3707 988 3756 Heilodo
1006 3709 1106 3756 unicum
1124 3708 1204 3756 Asiae
1220 3709 1307 3762 aeoni-

202 3779 319 3825 nootialis
340 3791 432 3836 genus,
460 3781 487 3827 in
509 3785 575 3828 terra
596 3784 738 3830 continente
759 3787 783 3828 et
800 3780 893 3828 iusuils
915 3779 1004 3834 paucis
1026 3779 1159 3834 speciebus
1181 3778 1307 3834 babitans,

202 3843 333 3906 Kntglttio
351 3849 442 3895 nobilis
454 3851 539 3896 Novae
551 3852 704 3898 zeelandlae
715 3853 800 3912 arbor,
819 3854 841 3894 et
856 3850 1007 3894 Proteacsae
1019 3847 1179 3894 ameriesnae
1191 3846 1307 3904 tropicae,

202 3917 229 3962 in
248 3916 369 3978 Brasiiia,
388 3917 487 3964 uniens
503 3925 526 3965 et
541 3919 652 3966 Perusia
670 3923 793 3974 repertae,
810 3929 842 3963 ex
860 3920 947 3964 barum
962 3916 1027 3962 tribu
1041 3921 1107 3962 sunt.
1142 3915 1308 3960 Folilcutares

202 3985 353 4032 bilocuieres
368 3983 538 4042 (uaesanae)
554 3988 728 4044 integumentis
736 3987 859 4032 seminum
868 3985 1049 4031 collateralium
1059 3989 1086 4029 ln
1095 3983 1307 4037 dissepimentum,

201 4053 260 4110 ipsa
276 4066 325 4100 suro
342 4054 479 4102 mobilitate
495 4057 620 4112 spurium,
638 4056 854 4102 concrescentibus
866 4053 957 4112 mirus,
975 4061 1046 4099 extra
1058 4055 1143 4098 Novae
1158 4051 1308 4098 lluilandias

201 4121 295 4170 limites
310 4124 488 4181 extmropleos
501 4126 609 4170 nondum
621 4125 700 4170 uisae.
735 4125 949 4170 Nasamoniaceae
963 4123 1084 4181 plurimae
1092 4120 1118 4166 in
1128 4121 1210 4166 amica
1218 4121 1306 4166 decoro

201 4189 282 4236 ordini
294 4194 342 4237 bac
356 4197 422 4238 terra
434 4197 591 4249 generantur.
628 4188 756 4236 Gneotnr‘a
769 4203 849 4248 genus
859 4191 984 4248 cbilense,
1002 4189 1103 4236 unicum
1116 4201 1148 4235 ex
1157 4185 1306 4252 americanis

203 4257 284 4304 tractu
298 4258 467 4306 indetriscente
480 4265 502 4306 et
516 4270 684 4314 monospermo
697 4260 802 4306 bardum
816 4259 931 4306 innotuit.
966 4259 1092 4314 capesses
1105 4269 1190 4302 omnes
1203 4263 1305 4299 enoce-

200 4332 383 4373 ateotaeearum
393 4339 494 4374 numero
503 4335 574 4387 sunt,
589 4329 630 4374 sni
639 4328 751 4384 generis,
762 4329 787 4374 in
798 4339 888 4385 magns
898 4327 1036 4383 specierum
1045 4325 1179 4372 uarietates
1193 4321 1305 4366 l’rorm

201 4405 280 4452 senus
293 4395 532 4459 ordinidatuuruon,
551 4404 575 4445 et
584 4399 659 4446 decus
668 4397 734 4446 addit
744 4399 846 4455 longios
854 4397 1169 4454 perstrlcaatexcorrens.
1191 4389 1305 4436 ·i'rotee
