2982 5042
151 535 290 586 amesa,
306 520 435 572 asmentia
450 523 476 568 et
488 517 613 578 paiudm
624 530 649 566 r.
663 529 766 568 uenam
778 517 911 566 littoreisrn
924 525 1021 580 mant,
1038 529 1137 576 panau
1148 520 1176 570 in
1187 521 1268 570 editu

152 601 254 645 montes
268 593 436 648 adscendunt,
454 600 487 636 ex
500 587 541 634 itis
550 583 733 648 Lysipoutata,
752 586 904 633 dediscentia
917 587 1057 643 oporcuiari
1069 589 1223 651 singularia,
1240 593 1269 638 iu

153 662 308 714 editissimis
317 661 427 707 Andium
445 667 609 713 perueneram
624 654 706 714 jugis,
725 659 750 702 et
764 651 947 712 Heterotomo,
966 668 1045 714 genus
1058 660 1224 718 paradoxum,
1242 660 1269 706 in

154 731 328 790 mgtdmtma
336 727 523 774 mexicanorum
533 723 634 779 repitme
642 723 763 770 habitant.
796 724 899 779 species
911 725 957 770 vix
965 737 1014 771 non
1023 736 1109 773 omues
1118 727 1269 788 endemicac,

155 812 284 856 capessas
293 799 394 851 'niuuot
406 795 433 840 in
446 796 517 841 Nora
526 792 673 852 iioiiandia,
692 803 767 839 unam
780 793 857 840 etiam
869 793 896 839 in
905 793 984 853 diiii,
1003 798 1114 848 repertas
1124 795 1204 842 titisse
1213 805 1270 852 pen.

155 871 254 918 bibent.
291 863 399 912 Lodelta
409 858 581 921 clifforu'unu
590 859 662 910 Linn.
676 872 721 918 per
732 861 848 920 regiones
861 861 959 910 calidas
972 861 1047 910 totius
1057 865 1123 914 oritis
1132 866 1163 912 ab
1172 865 1270 912 homins

157 939 286 995 dispersa.

249 1009 472 1079 &ualitates
487 1021 511 1063 et
523 1022 628 1068 usus·
661 1014 825 1062 Lobeiiaceae
839 1014 920 1064 tostae
930 1019 988 1062 sunt
997 1018 1176 1077 succoiaeteo,
1194 1019 1270 1064 reite

157 1091 317 1145 amentissime
334 1088 387 1134 acri
406 1091 429 1132 et
443 1085 579 1146 narcotico,
598 1085 640 1138 nui
652 1089 733 1129 cutem
746 1085 851 1130 corrodit
865 1089 888 1130 et
901 1097 943 1130 ure
956 1087 1085 1131 absumtos
1099 1085 1270 1132 intestinorum

159 1157 395 1214 inflammationem,
412 1155 530 1200 vomitum
545 1158 569 1199 et
581 1153 634 1199 atri
648 1151 740 1198 fluxum
755 1163 906 1212 provocans,
924 1153 1020 1200 bestias
1034 1158 1056 1199 et
1070 1153 1270 1200 dominemtrevi

158 1227 291 1276 interimit.
325 1223 535 1271 venenatissimis
547 1221 641 1276 pientia
654 1221 739 1275 itaque
752 1223 935 1281 accensendas,
953 1225 1090 1268 uonnuiias
1102 1225 1184 1270 tamen
1194 1231 1271 1268 ama

161 1297 228 1346 dicio
238 1289 436 1342 trametiiuticis
445 1291 509 1336 inter
518 1289 659 1338 cautissimi
668 1300 730 1336 usus
738 1292 873 1344 pharmaca
880 1289 1019 1350 amissae,
1033 1289 1083 1338 imo
1092 1292 1180 1339 adnos
1190 1294 1271 1338 trass-

161 1371 250 1412 sectae
261 1362 369 1408 luerunt.
397 1355 502 1403 uotetta
511 1367 588 1402 sarens
597 1358 680 1416 Linn,
694 1355 719 1402 in
729 1359 830 1414 Europa
838 1358 988 1404 occidentali
997 1367 1020 1404 er
1029 1353 1136 1406 austiaii
1145 1358 1270 1416 indigena,

157 1431 296 1489 pecoribus
314 1429 434 1486 exitiosa,
453 1431 483 1473 ot
501 1430 601 1480 piantes
620 1424 745 1471 raritatem
762 1425 808 1472 rix
824 1425 890 1473 inter
902 1426 1000 1472 virosas
1013 1432 1137 1474 nostrates
1149 1425 1271 1473 nominari

164 1503 237 1549 sciet.
277 1495 409 1555 Taparura
418 1493 568 1544 ostiensium
577 1491 796 1548 truncarentur
805 1495 881 1552 lion,
900 1495 1167 1554 repraesententur,
1184 1496 1271 1550 ’rupae

162 1566 318 1616 nuciioiiae
329 1563 409 1620 Dua.)
423 1563 566 1610 dolatorium
579 1562 658 1608 uirus.
692 1562 792 1608 itionum
805 1561 910 1609 iraiitum
924 1563 1028 1609 naudus
1040 1567 1145 1610 tractum
1153 1563 1271 1610 vomitum

164 1637 229 1682 ciere
244 1635 381 1690 perbibent.
414 1628 569 1676 Iratumurr'e
578 1624 779 1688 tongrssorr'iion.
789 1629 923 1685 (Lutetiae
935 1631 1178 1691 ionmtoiisehinn,
1195 1635 1272 1688 vulgo

165 1701 295 1748 Preaeata
302 1697 438 1756 Catullus)
448 1699 556 1764 maxima
566 1697 631 1743 inter
641 1701 740 1753 piantes
750 1702 886 1746 venenatas
896 1697 921 1744 in
931 1699 1037 1746 Antiuts
1047 1700 1114 1746 tama
1122 1705 1168 1748 est.
1190 1696 1272 1744 Lobe-

165 1769 227 1817 ir'om
242 1765 364 1830 inflatam
376 1769 451 1815 Linn.
464 1765 555 1823 [aruino
567 1766 724 1822 itys-irrigui
738 1769 761 1810 et
773 1766 863 1812 indian
876 1767 1005 1824 istaeco)
1019 1777 1035 1812 a
1046 1767 1150 1816 medicis
1163 1767 1271 1816 boreali-

164 1840 317 1890 ameriaanis
330 1838 394 1884 inter
406 1836 515 1884 remedia
527 1833 714 1889 expectorantia
726 1837 750 1880 et
762 1833 928 1888 diapinoratica
937 1835 1085 1896 admlssam,
1103 1841 1177 1891 atoue
1186 1835 1272 1891 impri-

165 1910 214 1957 raia
225 1909 254 1956 iu
267 1909 390 1954 asthmata
403 1906 511 1951 curando
525 1903 707 1962 prostituatur,
725 1901 853 1950 incautius
861 1903 1059 1950 administratam
1069 1914 1157 1960 aegros
1166 1915 1272 1952 necem

165 1981 272 2026 cunstat.
306 1971 427 2018 Lodeia’as
441 1969 605 2032 rypbdiitdcae
618 1971 692 2018 Lina.
705 1971 779 2016 radix
791 1971 860 2018 acria
870 1975 894 2018 st
909 1973 1025 2032 emetiua,
1043 1975 1075 2018 ab
1083 1973 1216 2020 Americae
1229 1975 1274 2020 do-

165 2046 242 2092 rsalis
260 2042 451 2091 autochtouibus
468 2042 591 2088 &versus
608 2039 779 2094 sypbiiiticurn
792 2043 903 2086 morbum
915 2051 971 2086 cum
985 2041 1066 2088 {ructu
1080 2046 1173 2100 sumta,
1192 2045 1216 2087 et
1230 2042 1273 2088 diu

164 2113 229 2160 inter
246 2111 329 2169 gentis
346 2115 444 2156 secreta
461 2110 559 2168 habita,
576 2111 707 2164 postquam
724 2118 782 2154 aere
800 2111 831 2154 ait
845 2109 937 2166 Angiis
955 2114 1019 2155 emta
1035 2110 1140 2156 medicis
1157 2110 1273 2169 innotuit,

165 2180 252 2228 moitis
266 2180 412 2236 praedicata
425 2177 557 2235 encomiis,
576 2186 593 2221 a
606 2176 805 2231 prudentioribus
817 2177 890 2222 nodie
903 2177 1040 2232 seponitur.
1075 2173 1195 2223 Lodair'uo
1206 2175 1273 2223 Cur-

166 2247 261 2296 dt'aair'a
270 2249 344 2295 Ltnn.
354 2247 462 2293 radicem
471 2244 699 2292 antireimintinioam
709 2249 802 2299 putant.

249 2319 271 2364 lt
290 2311 482 2374 sipbccompyti
499 2309 665 2357 Cuutselruuk
682 2315 746 2359 non.
766 2315 834 2358 lecte
851 2311 943 2368 numni
966 2313 1096 2360 eiastioutu
1118 2313 1145 2360 in
1162 2313 1273 2362 Perusia

165 2386 264 2450 parari,
284 2381 485 2444 Centropogonta
494 2380 680 2428 eurinomeaea'a
690 2382 739 2428 iic.
750 2385 841 2428 baccas
851 2382 944 2429 comedi
953 2385 1059 2430 relatura
1068 2387 1113 2430 est.

397 2530 503 2589 orda
519 2528 658 2588 (lxxv.
697 2528 1042 2601 campanuiaceae.

250 2654 370 2716 Herboc
392 2672 502 2712 annuae
524 2673 552 2712 v.
571 2671 729 2732 perennes,
756 2653 923 2733 plerumque
946 2651 1152 2726 lactescentes,
1179 2653 1273 2714 rarius

166 2741 345 2812 subrutices,
373 2739 449 2800 iuliis
466 2737 587 2798 alteruis
604 2759 630 2799 v.
650 2737 792 2798 interdum
810 2739 964 2818 oppositis,
987 2739 1175 2820 simplicibus,
1197 2741 1273 2799 inte-

166 2829 225 2908 gris
243 2847 274 2888 v.
294 2823 411 2896 lebetis,
430 2825 597 2906 plerumque
616 2825 741 2885 cronatis
759 2845 786 2884 v.
806 2823 943 2898 dentatis,
971 2825 1181 2886 radicalibusa
1203 2845 1272 2884 cau-

166 2915 233 2974 linis
265 2929 355 2990 saepe
386 2908 523 2982 diversis,
561 2910 750 2989 exstipulatis.
801 2911 908 2972 Floret
937 2913 1076 2992 perlecti,
1111 2909 1271 2990 regulares,

166 2999 303 3060 axillarcs
325 3015 353 3055 v.
371 2995 551 3067 terminales,
580 2997 735 3068 racemosi,
764 2995 867 3074 spicati
888 3016 915 3055 v.
936 2996 1102 3074 glomerati,
1130 2994 1272 3055 interdum

166 3083 336 3165 panicolati,
372 3079 440 3140 nudi
466 3101 492 3140 r.
516 3079 657 3140 interdum
685 3080 849 3152 involucro,
886 3081 979 3142 libero
1005 3095 1055 3140 aut
1078 3101 1141 3140 cum
1165 3081 1273 3161 calycis

167 3170 235 3230 tubo
259 3167 368 3228 coalito
390 3168 500 3226 muniti.
551 3169 646 3244 Cotye
668 3165 735 3225 tubo
760 3186 822 3225 curn
846 3166 976 3244 germina
994 3187 1021 3226 v.
1039 3168 1103 3246 ejus
1121 3165 1183 3226 bosi
1202 3186 1274 3225 con·

167 3265 248 3326 uate,
277 3251 363 3312 limbo
386 3271 492 3331 supero
513 3271 541 3312 v.
565 3253 758 3331 semisupero,
785 3252 975 3330 persistente,
1002 3252 1167 3330 plerumque
1192 3253 1274 3331 quiu-

167 3337 296 3421 quebdo,
315 3335 709 3410 rarius'tri-sex·octolido,
728 3337 873 3396 rarissime
891 3345 1037 3410 truncato,
1057 3335 1130 3394 lobis
1145 3337 1274 3414 margine

167 3427 259 3508 planis
286 3443 315 3483 v.
344 3424 471 3494 initeris,
506 3422 534 3480 in
562 3422 686 3482 lobulunt
713 3424 804 3480 sinum
831 3421 1016 3500 obtegendum
1044 3420 1274 3494 decurrentibus,

167 3531 219 3593 per
237 3509 456 3571 destinationem
475 3507 606 3568 volvatis.
656 3509 776 3568 Corollo
794 3508 987 3588 gamopetala,
1020 3527 1139 3588 supera,
1169 3508 1273 3568 annulo

167 3597 244 3656 iuter
276 3595 386 3675 calycis
416 3593 510 3654 tubum
543 3605 574 3654 et
603 3613 722 3672 germen
749 3605 898 3672 protruso,
935 3595 1081 3654 rarissime
1108 3596 1137 3654 iu
1165 3591 1274 3654 discunt

168 3683 273 3753 eil'uso,
302 3700 500 3759 nonuunquam
523 3679 551 3738 iu
576 3679 700 3739 tubulum
724 3679 791 3758 styli
814 3679 903 3738 basina
926 3681 1107 3758 saginantern
1130 3678 1272 3760 producto
1330 3683 1334 3692 '

168 3769 291 3840 inserta,
319 3784 501 3826 marcescens
524 3785 550 3824 v.
574 3766 669 3824 rarius
696 3762 832 3837 decidua,
860 3767 1056 3844 campanulata
1081 3787 1108 3826 v.
1133 3765 1272 3838 tubulosa,

167 3851 254 3912 limbo
275 3851 337 3930 plus
356 3851 447 3910 miuus
465 3849 606 3929 profunde
625 3849 731 3923 diviso,
759 3851 833 3910 iobis
852 3860 896 3909 tot
918 3863 987 3932 quot
1009 3852 1131 3912 laciniae
1155 3853 1274 3931 calycis,

167 3937 357 3998 aestivatione
379 3935 515 4010 valvulis,
543 3934 596 3996 sub
620 3936 732 3996 autbesi
755 3937 859 4015 patulis
877 3956 904 3995 v.
924 3938 1047 4010 erectis,
1074 3956 1273 4016 nonuunquam

166 4025 249 4103 apice
268 4021 504 4082 cohaerentibus.
549 4023 683 4082 Stamina
706 4042 768 4082 cum
788 4022 897 4082 corolla
915 4023 1038 4096 inserta,
1063 4020 1192 4101 ejusdem
1210 4021 1273 4080 basi

166 4127 368 4189 nonnunquam
392 4106 593 4180 adhaerentia,
621 4107 694 4167 iobis
717 4127 835 4168 numero
859 4108 1005 4187 aequalia,
1033 4105 1201 4186 filomeutis
1224 4125 1275 4165 ao-

167 4193 311 4273 qualibus,
334 4193 397 4254 basi
415 4195 582 4274 saepissime
601 4191 987 4266 membranaceo-dilatatis,
1011 4192 1228 4252 conniventibus
1245 4211 1272 4250 r.

167 4277 353 4351 subcoalitis,
390 4297 514 4360 superne
549 4277 913 4351 attenuato-filiiormibus,
949 4278 1099 4350 discretis,
1141 4279 1274 4338 authoris

167 4365 315 4440 introrsis,
341 4363 561 4438 bilocularibus,
593 4364 840 4445 longitudiualitcr
866 4362 1094 4434 dehiscentibus,
1129 4361 1273 4424 distinctis
