2968 5038
666 312 735 376 aas

592 411 649 417 ...ffi-
654 411 673 418 4ιι-

230 517 430 578 Affinitat-
466 523 594 570 l'axlnoao
607 525 637 570 ob
651 523 724 570 lorea
737 521 900 578 pistilllgeros
913 523 1054 579 solitarios,
1072 535 1119 568 neo
1128 524 1153 569 ln
1163 526 1253 570 strobi-

146 601 186 646 los
195 601 328 655 collectos,
344 599 368 640 el
377 597 407 640 ob
418 593 532 638 loliorum
543 592 644 638 turmam
653 603 669 638 a
679 591 854 646 cupresslnels
863 596 887 637 et
895 591 1048 649 Abiotineis,
1062 593 1153 647 ouibus
1163 596 1253 640 arctis-

146 665 321 724 simeafiues,
339 664 367 710 lu
376 661 502 719 proprium
511 661 620 708 ordinem
629 661 788 716 colliguntur.

232 755 498 829 Geossraphln·
532 765 562 810 ln
576 762 719 818 temperatis
733 761 808 807 totius
822 761 888 808 oriris
903 761 1004 830 obviae,
1022 773 1069 808 nec
1083 773 1097 808 e
1110 764 1254 819 regionibus

147 837 317 891 intertropicis
327 835 407 880 Asiae
421 838 444 878 ei
459 832 590 877 Amelleae
604 834 633 876 olr
647 832 723 876 situm
736 833 859 876 elevatum
874 831 964 876 mitiori
977 831 1075 876 climate
1088 835 1255 888 gaudentibus

146 909 247 962 exules,
274 905 302 949 in
320 903 465 948 universum
483 901 510 946 in
528 899 710 954 hemisphaerio
728 899 834 945 australi
853 903 937 953 paullo
959 899 1112 952 frequentius
1135 903 1256 949 habitant.

145 977 246 1027 Europa
258 972 341 1018 media
354 976 378 1016 et
391 968 512 1016 australis
527 970 600 1014 unice
616 966 718 1012 dueum
736 967 873 1012 iacentem
892 969 950 1025 alit,
969 981 1013 1022 per
1025 969 1115 1014 Asiam
1132 974 1256 1018 borealem

145 1045 198 1088 late
210 1043 336 1088 diffusam.
370 1040 460 1085 Altera
473 1038 537 1083 'l'axl
551 1037 649 1091 species
664 1038 806 1083 Americam
820 1039 942 1082 borealem
961 1037 1055 1082 incolit.
1094 1035 1212 1097 Torreyrr
1230 1041 1256 1086 in

147 1112 209 1166 ripis
221 1109 343 1156 montosis
357 1109 487 1154 fluviorum
501 1107 615 1150 l'loridae
627 1106 724 1150 mediae
738 1105 840 1160 copiosa
854 1106 980 1161 nascitur,
1003 1103 1158 1164 Caryolaro
1172 1107 1257 1163 (Taso

147 1175 395 1230 nociferae'l'buub.)
405 1175 636 1228 arboriiuponictte,
649 1174 684 1218 uti
696 1173 875 1219 videturetiam
886 1175 951 1228 apud
962 1176 1116 1228 Nepalenses
1126 1177 1256 1235 crescenti,

147 1248 222 1294 ulmis
231 1247 323 1292 affinis.
360 1239 568 1300 Cephalotomi,
589 1239 734 1285 stationario
746 1247 768 1286 el
781 1238 892 1299 Nogeio,
911 1243 1062 1296 Pouoeorpis
1074 1244 1187 1290 fortassis
1197 1249 1257 1291 sub·

147 1317 294 1372 scribenda,
322 1313 433 1368 singulis
450 1311 582 1368 speciebus
599 1311 666 1365 apud
683 1312 793 1364 depones
811 1315 968 1366 generantur.
1012 1307 1158 1370 Pndocnrpr'
1179 1325 1257 1368 genus

149 1385 282 1438 speciebus
296 1383 375 1428 dives.
412 1383 506 1426 Harum
515 1382 588 1424 sedes
597 1379 721 1424 latissime
731 1385 827 1437 patent,
846 1382 877 1424 ab
887 1379 1003 1424 extremis
1013 1381 1097 1426 liuvae
1106 1383 1259 1427 zeelandiae

148 1454 212 1508 cris,
232 1464 277 1506 per
285 1451 366 1498 Asiae
381 1449 572 1504 aequinoctialis
585 1447 684 1493 insulas
694 1451 717 1492 et
727 1447 890 1493 continentem
901 1447 926 1493 in
936 1449 1067 1502 Juponlam
1079 1449 1136 1494 ltinc
1145 1450 1259 1510 diffusae,

148 1515 260 1570 illincIlu
270 1520 358 1572 rapite
372 1522 451 1564 bonae
465 1517 519 1571 spei
533 1521 690 1574 observatae,
710 1515 735 1559 in
745 1516 861 1562 America
873 1519 904 1560 ab
920 1516 1072 1562 australibus
1082 1517 1191 1564 Andium
1200 1518 1260 1564 cbi-

146 1589 255 1634 lensium
263 1589 333 1641 iupis
342 1587 367 1631 in
377 1586 476 1630 insulas
486 1585 624 1630 antillauas
635 1588 775 1628 excurrunt.
812 1581 948 1640 Darrydfo
962 1587 986 1628 in
996 1586 1083 1631 Indiae
1097 1587 1220 1632 montibus
1235 1591 1260 1634 el

149 1661 221 1703 liora
237 1656 376 1701 zeelandia
393 1659 542 1710 nascuntur,
562 1648 756 1712 Phylloolador,
774 1653 879 1698 ramulis
896 1653 1063 1708 pbylludiuels
1082 1655 1197 1718 decoros,
1219 1655 1259 1702 ln-

150 1729 209 1772 ais
217 1726 324 1770 biensa
334 1729 358 1768 et
368 1726 438 1768 Nova
447 1721 585 1768 zeelandia
593 1721 681 1777 gignit.
761 1753 770 1766 .

237 1818 458 1884 Quantam
476 1829 501 1871 el
517 1831 621 1873 usus·
657 1823 785 1870 iaxiueae
798 1823 879 1882 succi,
899 1835 970 1878 ouem
988 1831 1132 1884 secemunt,
1151 1827 1259 1872 resinosl

148 1897 293 1952 praesentia
303 1907 359 1940 cum
368 1895 472 1948 reliuuis
482 1893 651 1939 conifersrum
664 1893 792 1939 ordinibus
806 1893 968 1949 conveniunt,
986 1894 1137 1940 substantiis
1150 1897 1260 1941 adstrin-

150 1963 336 2022 genti-amaris
354 1969 378 2008 et
395 1957 628 2008 aethereo-oleariis
645 1961 742 2016 largius
761 1962 853 2018 foetae,
875 1963 1011 2006 nonnullae
1030 1963 1104 2008 etiam
1121 1963 1260 2010 nemetim-⁸

150 2034 218 2079 seris
241 2033 336 2086 aliquid
357 2032 482 2076 continere
499 2031 640 2076 creduntur.
688 2027 780 2073 Tmrur
797 2028 910 2072 baccata
928 2029 1000 2074 Iliun.
1020 2029 1113 2088 (Eine,
1141 2023 1259 2092 ἧμῑλος,

150 2097 251 2158 σμῑλος,
271 2095 381 2155 dailai)
396 2101 421 2145 in
440 2101 541 2152 liuropa
558 2099 641 2143 mertia
658 2101 680 2142 et
700 2097 819 2150 australi,
843 2109 888 2142 nec
906 2109 953 2142 non
973 2098 998 2143 in
1016 2097 1109 2143 siniria
1127 2093 1260 2154 sylvestris¹

150 2170 277 2226 nacitur,
295 2168 349 2214 vita
358 2172 480 2226 longaeva
489 2179 574 2212 omnes
590 2167 665 2212 facile
678 2171 779 2212 arbores
793 2177 927 2224 superans,
946 2170 975 2211 ob
989 2168 1082 2213 densae
1094 2167 1191 2215 frondis
1203 2167 1260 2224 pere*

150 2245 251 2292 petuuur
262 2239 339 2284 decus
349 2235 444 2290 passim
455 2237 480 2281 in
490 2236 567 2280 lrortls
577 2239 647 2292 sala,
665 2235 739 2281 militi
749 2236 854 2281 nostrati
863 2235 940 2280 Lauri
953 2238 1007 2280 loco
1021 2241 1070 2294 est,
1088 2239 1215 2284 veteribus
1227 2241 1260 2284 ull

152 2307 231 2352 dirum
244 2317 367 2351 rensuum
381 2305 497 2360 infamis,
514 2304 646 2349 hodiedum
659 2305 744 2350 multis
758 2309 883 2358 suspecta.
918 2305 1052 2350 b'ructuum
1066 2315 1197 2352 carcosam
1215 2317 1260 2355 cit·¹

152 2379 249 2433 polam,
269 2374 384 2418 ductibus
394 2373 462 2417 dulei
472 2372 721 2418 resinatscatentilrus
731 2371 859 2429 refertam,
878 2373 933 2418 sine
946 2383 1013 2417 noxa
1025 2374 1121 2418 comedi
1134 2381 1259 2434 usserunt,

151 2443 256 2488 seminis
274 2442 353 2487 amari
371 2442 423 2486 rim
440 2441 682 2500 mareotico-ocrem,
706 2441 847 2485 deleterium
866 2441 911 2486 alil
930 2441 1065 2495 perbibent.
1099 2443 1219 2488 llumulos
1237 2445 1261 2489 el

153 2512 333 2557 toliasabinae
344 2509 442 2555 frondes
456 2511 547 2555 virtute
561 2518 682 2564 aequare,
700 2508 795 2564 lignum
810 2509 970 2572 durissimum
985 2511 1055 2555 multi
1071 2511 1136 2564 apud
1152 2511 1260 2556 artilces

153 2591 227 2636 usus,
245 2580 273 2625 lu
290 2577 458 2633 bvdropbobla
473 2579 533 2623 utile
552 2578 705 2632 praedicant.
740 2579 810 2622 Vasa
827 2575 934 2623 viatoria
955 2578 1047 2622 eTarri
1063 2579 1132 2644 liguo
1147 2580 1215 2625 vinis
1233 2580 1260 2624 in

153 2649 237 2694 Gallia
249 2647 318 2693 lacta
328 2645 454 2695 mortifera
463 2646 556 2704 fuisse,
574 2645 673 2691 Plinius
683 2650 769 2691 auctor
777 2649 823 2690 est.
857 2647 983 2701 sympum
991 2659 1005 2692 e
1013 2645 1135 2693 fructibus
1144 2652 1258 2703 paratum

151 2719 290 2762 nonnullae
299 2714 414 2760 officinae
424 2713 488 2759 inter
498 2715 606 2759 remedia
614 2716 729 2760 sedentia
737 2717 846 2760 servant.

239 2797 392 2858 Garyotuxr'
408 2798 489 2856 [laxi
501 2798 629 2845 nubiferae
639 2801 735 2846 Tbunb.
749 2799 779 2844 Fi
792 2798 817 2844 ir.
826 2795 906 2855 idaia]
921 2799 1029 2859 fructus,
1048 2802 1174 2854 quercinis
1187 2805 1270 2856 pians

153 2870 227 2916 dibus
240 2869 352 2930 similes,
370 2869 456 2914 valide
470 2867 636 2922 adstringunt.
671 2869 724 2913 llos
736 2867 1014 2926 interpretesiaponlei,
1034 2881 1089 2915 cum
1099 2871 1124 2915 ln
1135 2873 1194 2915 aulo
1203 2881 1261 2916 cae-

152 2947 227 2984 soree
244 2937 288 2983 diu
302 2937 435 2982 consedere
448 2940 581 2995 coguntur,
601 2937 632 2982 ad
651 2937 811 2982 coercendam
828 2935 925 2983 urinam
943 2939 1080 2984 comeduut.
1115 2940 1203 2985 oleum
1216 2951 1261 2984 ex-

151 3017 269 3062 pressum
278 3005 401 3058 conuiuae
409 3003 523 3050 luservil.

237 3087 401 3134 &diademas
418 3086 604 3149 adianir'sod'ae
621 3089 708 3136 smltb.
726 3087 867 3148 (dinero),
885 3087 980 3135 arboris
998 3090 1064 3144 apud
1081 3089 1157 3136 Sinas
1173 3089 1262 3144 sponto'

154 3157 298 3218 nascende,
317 3159 383 3213 apud
392 3159 608 3218 damnosorum,
626 3163 650 3204 el
660 3159 723 3204 inter
730 3161 854 3204 hortorum
863 3163 1003 3203 nostrorum
1011 3159 1099 3204 deeora
1108 3159 1262 3218 notusimae,

153 3228 288 3282 fructuum,
301 3227 412 3271 Pruuum
421 3228 595 3272 damascenam
604 3225 722 3282 languide
730 3228 891 3270 latescentem
901 3225 1067 3282 referentium,
1081 3236 1137 3270 cero
1147 3227 1262 3272 ductibus

153 3295 294 3341 resiniferis
303 3299 395 3352 scatet,
413 3295 543 3340 admodum
556 3299 664 3340 austera
700 3293 788 3338 Nuclei
802 3292 892 3348 [vulgo
902 3291 1015 3346 tilnnau]
1025 3294 1159 3348 amygdali
1173 3307 1262 3350 sapore

154 3375 209 3409 cum
218 3364 325 3417 eosdm
335 3361 492 3418 austeritate,
512 3373 527 3408 a
537 3361 639 3416 prandio
647 3362 722 3407 sumti
731 3361 894 3416 digestionem
903 3361 1023 3415 adunare
1031 3363 1176 3420 creduntur,
1190 3375 1262 3410 num·

154 3443 227 3485 onam
242 3431 270 3476 in
283 3432 395 3478 munda
407 3430 528 3476 solemnis
541 3432 608 3485 apud
620 3432 730 3485 depones
743 3428 853 3476 convivii
870 3440 957 3476 meuse
974 3429 1069 3476 omlssl.
1104 3431 1173 3478 cocti
1190 3433 1263 3478 varia
1327 3457 1329 3462 ,

154 3500 328 3557 ingrediuntur
336 3499 443 3556 fercula,
456 3498 595 3552 villetella
606 3501 718 3546 venales.

240 3564 371 3624 Docrydii
383 3563 527 3624 cupressini
536 3569 586 3611 sol.
597 3565 687 3624 (vulgo
698 3567 771 3612 iilum
780 3577 805 3612 v.
814 3565 908 3622 Deum)
919 3567 1099 3621 polcuerrimoe
1109 3568 1216 3627 arboris,
1235 3569 1262 3616 in

154 3635 224 3682 uberi
233 3639 318 3681 Novae
327 3635 479 3680 zeelandiae
489 3637 542 3678 solo
552 3634 699 3691 crescentis,
716 3633 804 3679 runrull
813 3636 823 3686 J
827 3635 925 3680 uulores
935 3636 1037 3681 materie
1047 3637 1160 3683 resinosa
1168 3639 1261 3684 amarl-

154 3709 227 3749 eante
235 3706 346 3762 scatent,
365 3703 460 3749 nullius
469 3703 535 3756 apud
546 3703 677 3760 indigenas
687 3715 760 3762 usus,
775 3713 791 3747 a
801 3703 892 3750 Coolrio
901 3703 927 3748 in
937 3707 1015 3749 altero
1025 3705 1119 3760 periplo
1129 3708 1160 3751 ad
1169 3716 1262 3762 peran-

155 3774 210 3818 dum
225 3777 308 3828 potum
322 3771 460 3816 cerevisiae
474 3771 580 3816 similem
594 3771 711 3830 adhibiti,
729 3773 802 3824 cuius
817 3772 994 3826 praestantiam
1007 3772 1033 3817 in
1047 3776 1113 3820 malo
1122 3775 1262 3822 scorbutlco

154 3845 298 3886 uavarcbus
317 3839 431 3894 plurimis
451 3840 591 3899 praedicat,
609 3845 633 3885 et
650 3841 829 3887 succeduueum
849 3841 987 3886 cerevisiae
1005 3853 1019 3886 e
1036 3842 1094 3887 Piui
1111 3843 1263 3889 cauadeusls

155 3909 254 3954 taleolls
263 3907 393 3954 confectae
402 3905 493 3963 [vulgo
503 3908 691 3964 surdoe-beer)
698 3939 705 3964 ,
713 3907 839 3954 notissimi
849 3910 914 3962 apud
924 3914 1015 3954 nautae
1024 3921 1098 3970 usus,
1109 3924 1165 3957 esse
1176 3912 1262 3956 voluit.

152 3977 241 4023 Potum
255 3991 269 4022 e
282 3975 404 4030 Dacrydii
418 3975 522 4020 ramulis
535 3981 647 4030 paratum
659 3976 753 4030 ieiunis
767 3987 887 4022 nauseam
901 3984 923 4022 er
937 3977 1081 4032 vertiginem
1096 3979 1165 4026 brevi
1179 3984 1263 4024 trans-

154 4051 251 4090 euntem
275 4045 420 4100 induxisse,
446 4048 535 4088 mouet.
579 4039 726 4100 Podoeurpr'
742 4043 892 4106 neriisoliae
913 4047 975 4092 Don.
998 4045 1122 4103 (Lignum
1140 4049 1263 4091 Emenum

152 4113 273 4171 Romulo.)
292 4112 389 4158 fructas
409 4112 434 4157 in
447 4113 534 4158 Indiae
548 4113 672 4157 montibus
685 4115 852 4158 comeduntur,
886 4110 1052 4171 Pudor-crpus
1070 4113 1187 4156 Torarrn
1199 4113 1262 4158 Bon.

154 4185 184 4228 ob
197 4183 260 4239 ligni
274 4181 342 4228 levis
356 4182 524 4234 incorruptam
538 4180 652 4226 duritiem
665 4183 749 4226 liuvae
758 4181 910 4228 zeelandiaa
922 4183 1113 4229 autocbtonibus
1122 4189 1227 4235 magnae
1236 4181 1263 4226 in

153 4249 309 4296 fabricandis
318 4248 422 4302 scaphis
432 4248 557 4295 utilitatis.
587 4249 679 4296 'l'runcl
688 4252 824 4302 sylvestres
833 4251 859 4296 in
868 4251 1019 4296 familiarum
1030 4248 1186 4302 patrimoniis
1194 4255 1262 4304 sunt,

153 4319 255 4372 praeliis
273 4329 354 4372 saepe
374 4317 445 4372 petiti
463 4321 487 4362 et
504 4317 608 4363 defensi.
651 4314 853 4376 EPfepiiooludi
866 4315 1078 4364 irdolromaraoidir
1091 4316 1153 4362 Doro.
1172 4314 1262 4370 (vulpe

153 4387 288 4436 recelabo
297 4400 321 4435 a.
331 4385 473 4442 Tea-Tota]
483 4385 572 4432 cortice
581 4388 686 4434 colorem
695 4389 795 4434 rubrum
803 4393 900 4443 param.
