2982 5042
223 536 333 587 ucsdum
346 537 482 590 marran
496 534 609 596 ruerunt,
627 535 697 596 du,
715 540 821 594 empta
831 534 944 592 cypris,
962 535 1070 586 omniun
1089 537 1144 592 tyri
1161 534 1188 587 in
1200 540 1250 588 irae
1262 541 1333 588 oriris

223 609 299 662 pisca
317 605 479 661 reperiuntur.
515 601 656 656 &nesciae
673 604 750 662 initas
763 609 914 664 evagemur,
933 615 990 654 nam
1003 605 1147 654 Australem
1165 607 1332 658 continentem

223 675 439 732 circumcoienies,
458 685 491 718 ex
500 671 610 728 eiusdem
618 673 701 720 littore
710 669 802 728 tropico
812 685 856 728 per
863 673 962 720 insulas
971 673 1100 720 iioiuccas
1109 675 1136 719 in
1143 673 1231 722 Indiae
1241 681 1331 726 terram

222 741 316 788 tirmam
334 741 463 796 dispersae
480 743 551 802 sunt,
570 741 628 787 irinc
645 738 751 788 Africae·
765 741 955 796 promontorium
973 745 1085 788 austraie
1098 742 1203 802 intrant,
1222 745 1246 790 et
1256 743 1334 798 Juxta

222 811 343 856 tramitae
355 809 464 856 damiata
478 811 543 857 ostia
556 813 788 870 feruentissimum,
806 809 879 856 iiiinc
888 803 1089 856 oceaniinsriiss
1099 817 1279 872 pervagantur,
1297 815 1333 861 sd

221 878 989 938 Putrtipimsetsamriomsiunarertpeiapusexrurrenru,
1002 879 1250 929 ststisueiiiiorsies.
1272 883 1332 929 tiss

222 945 284 1004 inp,
304 950 390 994 estem
404 953 430 994 nt
441 951 570 1006 asserunt,
588 959 652 1002 uuae
665 947 691 994 in
700 948 858 997 itiasearents
870 948 962 994 inaniis
975 947 1083 1008 habitat,
1099 949 1331 1000 Antiiianssetiarn

221 1021 360 1070 spontanea
368 1015 462 1063 incolit.
495 1011 609 1074 Qppln'ae
617 1027 702 1064 omnes
711 1026 833 1069 repenses
842 1020 908 1062 suni.
939 1011 1076 1076 serrem,
1095 1017 1193 1073 generis
1202 1019 1331 1080 littoralis,

222 1085 317 1138 dapiex
332 1085 431 1138 speeies
449 1083 566 1143 innotuit,
584 1087 672 1130 irarum
690 1093 741 1129 una
754 1085 847 1130 Novam
861 1083 1020 1129 floiiandiam
1039 1087 1174 1130 austratem
1192 1087 1331 1134 sitieram

117 1171 122 1178 -
219 1151 384 1200 zeetmdisn
395 1152 531 1213 imbuat,
549 1155 630 1199 nitere
642 1152 670 1198 in
682 1153 1003 1212 opposneiinerieeeors,
1020 1152 1047 1200 in
1056 1153 1331 1207 t'niiennmiittoraos-

217 1227 321 1268 servata
330 1220 386 1268 tuit.

307 1298 528 1366 nutilium
542 1309 567 1354 rt
578 1312 683 1360 uus.
700 1307 1014 1360 ¹i³sueatietteaevoiarmn
1023 1307 1177 1362 pamniam
1186 1307 1329 1358 indicarum

220 1385 270 1422 rso
279 1381 401 1422 constant.
437 1372 579 1420 &ceretae
591 1372 714 1420 Terentia
724 1375 801 1420 iiouo.
815 1372 912 1428 (Morti
921 1387 942 1420 s.
952 1374 1053 1430 troici)
1064 1375 1158 1426 toiiaet
1166 1380 1329 1428 carcasens-

219 1454 277 1490 cnm
295 1445 414 1498 praebent
432 1455 556 1503 amarum,
582 1443 723 1498 coluerim
741 1443 789 1500 „in
807 1442 957 1498 detergenda
974 1447 1100 1489 ocuiorum
1117 1441 1285 1492 t'iscosltate“
1304 1451 1330 1492 et

220 1511 268 1571 „in
287 1513 397 1556 tollenda
414 1511 550 1566 incipiente
567 1507 714 1557 noirecuia“
738 1520 753 1555 a
771 1511 926 1556 Bonmnensi
944 1513 1085 1557 saeriicuio
1101 1513 1269 1566 praedicatam
1288 1513 1328 1560 in-

220 1579 307 1626 sitiens
321 1585 438 1634 expertas
451 1583 490 1625 est
503 1579 650 1634 itunpirioe.
685 1577 870 1633 iioiisiuniora
883 1580 1199 1626 inieroieraconeduntnr.
1235 1583 1330 1629 ttortiei

219 1651 244 1696 et
261 1647 329 1704 iipne
345 1649 528 1696 annotamus
543 1649 659 1697 virtutem
677 1651 831 1696 roborantem
850 1648 967 1704 tribuere,
989 1650 1122 1696 nedoiiam
1140 1651 1262 1698 nivernis
1280 1650 1329 1705 im-

218 1716 356 1772 potentiam
368 1715 466 1762 virilem
484 1723 506 1764 ct
520 1717 546 1766 tn
560 1717 614 1764 siri
626 1717 692 1764 buxu
706 1716 892 1769 administrare,
910 1718 1019 1764 radicem
1033 1719 1214 1768 contranosios
1223 1730 1329 1766 cancro·

219 1793 273 1830 runs
289 1787 312 1830 et
326 1784 432 1838 piscium
445 1791 621 1831 venenatorum
635 1785 702 1831 citos
716 1785 845 1842 adhibere,
865 1784 928 1832 idem
938 1787 1079 1832 auctorest.
1114 1787 1225 1833 Metiuiia
1234 1789 1294 1834 alba
1303 1794 1328 1834 et

219 1849 328 1908 iungens
341 1853 367 1899 in
381 1854 485 1906 quaeris
499 1853 591 1899 formas
605 1858 629 1898 et
641 1855 734 1909 iiguras
748 1853 847 1898 excindi
862 1858 885 1898 et
898 1854 997 1910 figurari
1007 1858 1099 1920 potest,
1117 1858 1191 1910 atque
1200 1855 1328 1912 pigmenta

220 1921 298 1967 iaciie
310 1923 423 1980 attrabit,
442 1913 987 1981 andetnconficiendisariidoiosisiioritrns,
1006 1923 1092 1980 topiis,
1111 1923 1233 1982 asicniis,
1251 1925 1327 1970 sitis-

219 2000 266 2044 que
276 1990 300 2034 id
310 2001 389 2046 penus
399 1991 553 2054 crepundiis,
568 1991 658 2046 suibus
668 1991 747 2038 Maial
756 1990 877 2046 imprimis
886 1992 1053 2048 delectamur,
1067 1991 1188 2046 plurimus
1198 1994 1253 2045 eius
1261 2003 1326 2039 usus

218 2061 266 2104 est.
300 2058 1122 2116 hipnumrmneiinierierisimmesmuipiaruarcisrosprseort.
1150 2057 1324 2108 maraclee

219 2122 446 2185 Bria-Monogenes
461 2129 530 2173 iiim.
541 2130 668 2174 atscirult.
683 2128 709 2174 in
722 2127 864 2174 morabaris
878 2129 1013 2178 crescentie
1022 2128 1091 2176 toliis
1099 2132 1256 2186 cataplasma
1265 2141 1326 2182 oea-

218 2193 312 2252 icitur,
331 2198 394 2250 quod
409 2195 544 2241 tumoribus
556 2196 697 2252 impositum
710 2201 822 2250 potenter
835 2207 878 2242 eos
891 2198 985 2242 emoiiit
998 2203 1021 2242 ei
1035 2184 1151 2243 mbiurat.
1184 2197 1224 2242 itx
1237 2197 1326 2245 iisdem

219 2261 247 2308 in
255 2273 321 2318 auus
330 2264 406 2309 coctis
416 2273 535 2318 aporema
544 2269 658 2324 paratur,
676 2266 740 2318 quod
750 2264 848 2310 amnesi
858 2268 939 2310 movet
948 2270 972 2310 et
980 2270 1108 2311 menstrua
1116 2271 1242 2322 provocat.

306 2345 802 2406 ct'piriaedipitatseradicemiruiirosam
811 2349 1051 2398 iiotentottirorant.

474 2526 578 2588 01110
596 2529 758 2590 (imv-
795 2527 1068 2588 Iroaeiiseeae.

302 2667 422 2729 Herbne
448 2688 559 2730 annuae
587 2691 613 2730 v.
641 2687 796 2750 perennes,
832 2687 919 2749 saepe
945 2669 1194 2741 sufferrescentes,
1230 2669 1323 2730 rarius

209 2749 344 2830 frutices
362 2775 387 2812 v.
406 2755 544 2826 arbom,
568 2755 734 2834 pleramque
752 2755 959 2827 humectat
978 2752 1070 2833 saliti
1086 2757 1223 2826 alternis,
1245 2755 1324 2814 rsit-

219 2838 328 2896 ealibus
346 2859 433 2918 saepe
453 2841 606 2910 censeriis,
633 2840 822 2918 simplicibus,
849 2842 970 2919 integris
986 2861 1014 2900 v.
1034 2841 1175 2900 laciniatis
1193 2851 1241 2900 aut
1260 2843 1324 2920 pin·

218 2925 418 3001 naiipartitis,‘
434 2927 600 3005 pierumque
628 2924 751 2985 dentatis
777 2945 805 2984 v.
828 2927 962 2998 serratis,
996 2928 1088 2984 rarius
1115 2927 1320 3004 integerrimis,

218 3009 407 3088 exstipnlatis.
451 3013 556 3070 Floras
583 3011 706 3090 perfecti
732 3032 759 3078 ii·
784 3013 928 3071 rarissime
952 3010 1054 3070 abortu
1078 3010 1182 3083 diolci,
1208 3013 1322 3090 irregu-

218 3093 294 3154 lares
318 3115 344 3154 v.
367 3097 513 3158 rarissime
540 3096 704 3175 regulares,
734 3097 949 3157 inflorescentia
974 3095 1088 3158 exiliari
1113 3118 1142 3157 v.
1167 3097 1323 3169 terminali,

218 3183 384 3259 saepissime
415 3201 566 3243 racemosa
596 3203 623 3244 v.
650 3183 774 3262 spicata,
811 3184 904 3242 rarius
931 3183 1104 3262 corymbosa
1129 3202 1157 3242 v.
1186 3182 1322 3262 capitata,

218 3267 360 3326 interdum
382 3268 499 3328 iioribus
521 3267 660 3328 solitariis
683 3267 862 3342 miliaribus,
890 3267 1040 3348 pedieeilis
1058 3267 1110 3326 snb
1128 3269 1241 3327 antbesi
1259 3268 1323 3346 pie-

217 3371 336 3432 rumque
358 3356 455 3428 tortis,
484 3353 566 3414 nullis
589 3353 866 3413 r.'hibracteolatis.
916 3355 1012 3432 Cotye
1037 3351 1106 3412 tubo
1133 3353 1228 3425 vario,
1257 3371 1322 3413 cum

217 3441 345 3516 germiae
367 3459 396 3501 v.
415 3460 477 3500 oum
500 3439 638 3516 germinis
661 3438 723 3497 basi
746 3450 885 3509 connato,
911 3435 1059 3498 rarissime
1082 3455 1167 3517 snpra
1190 3436 1322 3517 ejusdem

215 3524 354 3582 verticem
382 3522 514 3582 adnatans
541 3523 697 3604 proiecto,
725 3523 811 3582 limbo
838 3542 944 3601 supero
970 3541 997 3582 v.
1021 3525 1212 3602 semisupero‚
1240 3525 1322 3603 qnin-

216 3608 345 3685 qneirdo,
373 3607 568 3686 subregulari,
595 3608 755 3670 mistrinis
778 3605 887 3668 duabus
909 3609 1011 3668 anticio
1029 3610 1187 3668 minoribns
1206 3611 1322 3688 irregu-

216 3692 285 3764 lari,
304 3694 477 3770 persistente
497 3715 523 3754 v.
544 3691 676 3754 deciduo.
719 3689 840 3754 Corolia
857 3714 965 3757 sommo
984 3693 1095 3774 calycis
1113 3693 1183 3756 tubo
1200 3695 1319 3768 inserts,

216 3797 233 3836 o
257 3778 359 3856 petalis
383 3780 506 3860 quinque
530 3781 703 3862 composita,
731 3780 876 3838 rarissime
900 3781 1004 3860 petalis
1027 3780 1157 3840 omnibus
1177 3779 1320 3840 distinctis

215 3873 246 3920 ei
267 3863 433 3942 aequalibus
457 3865 613 3944 regularis,
640 3865 805 3944 piorumque
829 3864 929 3924 iisrlern
954 3867 1034 3925 varie
1057 3865 1134 3926 inter
1156 3885 1188 3927 se
1212 3865 1321 3926 cobae-

216 3947 344 4008 rentibus
371 3948 553 4028 irreguleris‚
589 3969 692 4028 nempe
720 3971 794 4012 nunc
822 3951 925 4029 petalis
952 3950 1063 4012 duobus
1089 3951 1192 4012 asticis
1225 3951 1321 4025 (floris

215 4036 431 4114 resupinatione
450 4038 581 4114 posticis)
601 4035 773 4107 distinctis,
788 4038 879 4095 tribus
897 4047 992 4098 autam
1015 4039 1135 4115 posticis
1155 4039 1184 4097 in
1207 4039 1321 4096 nnionnr

215 4123 300 4200 apice
318 4121 450 4181 trilobnm
470 4122 691 4182 cohaerentibus
710 4123 790 4200 qnasi
808 4122 1109 4201 tripeinlo·bilabiata3
1127 4143 1202 4182 nunc
1215 4121 1322 4202 petalis

215 4207 319 4268 satiris
346 4208 422 4268 inter
447 4225 480 4268 se
507 4205 663 4281 distineris,
691 4207 757 4268 binc
785 4227 847 4268 cum
870 4209 988 4288 posticis
1012 4208 1234 4268 cohaerentibus
1257 4207 1322 4268 uni·

217 4291 336 4365 labiata,
354 4315 382 4354 r.
396 4293 498 4374 petalis
517 4294 646 4354 omnibns
665 4293 778 4354 coalitis
797 4294 940 4368 tubulosa‚
961 4293 1028 4355 tubo
1048 4293 1162 4376 integro
1181 4315 1207 4354 v.
1222 4293 1321 4353 antico

214 4377 279 4458 plus
296 4380 387 4440 minus
402 4380 545 4462 profundo
565 4379 646 4454 fisso,
673 4379 751 4444 limbi
769 4379 882 4442 laciniis
900 4379 1098 4464 inaequalibus
1115 4401 1143 4444 r.
1159 4379 1323 4464 subaequa-
