2990 5044
676 339 752 404 lla

607 433 821 450 m

250 549 374 600 1111010110
384 547 535 610 claerpaee
549 551 622 599 11110.
635 547 832 606 (commorere)
847 561 892 605 per
905 559 1000 598 omnent
1013 552 1199 610 srcbtpelrgnm
1213 557 1269 602 bla-

162 621 628 681 1111100101111111111111111101101.
663 619 760 666 colitur
772 623 855 664 autem
867 623 967 674 propter
978 619 1050 666 dores
1064 622 1156 682 derce,
1174 625 1216 684 qui
1229 636 1269 670 re·

163 699 248 740 centes
264 691 448 748 jucundissime
465 693 543 747 olent,
561 689 664 736 mareldi
683 699 741 734 rero
759 687 859 733 foetent.
892 688 1029 746 Indigenas
1046 690 1176 745 utriusque
1192 703 1270 740 sexus

162 762 229 817 ipsis
245 765 303 816 post
319 763 450 818 balneum,
470 759 606 812 diebusque
623 756 775 803 solemnibus
792 755 929 801 caesariem
945 757 1121 814 condecorant,
1140 763 1271 815 potatoque

162 831 279 877 restibus
287 833 311 875 et
319 829 421 876 lectulis
430 827 589 884 inspergunt,
609 831 682 880 atque
692 819 825 878 unguemis
837 825 951 870 miscent.
986 826 1097 873 cunetae
1110 829 1162 874 tere
1175 829 1272 876 arboris

162 903 248 955 partes
266 908 357 953 sapore
374 901 433 943 sunt
451 907 548 954 amaro,
571 893 705 940 aromatico
722 903 747 938 v.
766 893 827 939 adeo
846 891 910 951 scri,
933 903 1010 947 quare
1027 895 1145 944 intestina
1163 897 1271 956 irritant,

162 967 298 1022 sanguinis
307 965 507 1023 circulationem,
526 962 647 1018 imprimis
656 963 683 1007 ln
695 965 829 1016 systemate
843 971 923 1008 venae
936 967 1061 1017 portarum
1075 971 1148 1018 etque
1161 965 1188 1012 in
1202 972 1271 1012 utero

162 1037 319 1091 adaugendo.
355 1034 446 1079 Cortex
458 1031 553 1078 radicis
566 1032 592 1078 ln
605 1035 709 1085 pulvere
722 1041 777 1076 curu
786 1031 945 1085 squeoallda
954 1033 1039 1090 datus,
1058 1035 1192 1081 menstruis
1201 1025 1275 1082 exct·'

163 1105 249 1150 tendis
262 1103 379 1161 insenuit,
398 1101 537 1155 doctumque
550 1101 576 1146 in
591 1099 703 1155 grarldts
717 1099 832 1154 expellit,
851 1098 874 1144 si
887 1098 983 1154 largius
996 1107 1070 1154 atque
1084 1101 1209 1156 copiosIus
1227 1115 1272 1151 su·

162 1177 253 1220 matur.
296 1170 407 1216 Eundem
430 1170 546 1215 corticem
569 1169 600 1214 ad
623 1167 708 1213 locbia
726 1167 854 1226 pellenda,
880 1171 990 1222 gemmas
1007 1171 1113 1216 nondum
1131 1171 1271 1226 explicatas

163 1245 251 1287 contre
268 1242 443 1298 cononicam,
471 1238 581 1292 foliaque
597 1247 654 1282 curu
671 1234 822 1290 llecmptera
837 1235 944 1282 rotunde
964 1237 991 1282 iu
1012 1241 1140 1292 pulverem
1162 1243 1271 1300 redacta,

164 1314 252 1356 contra
261 1307 414 1354 arthritidem
427 1307 606 1352 commendant.
640 1305 806 1350 Extrinsecus
819 1315 915 1359 quoque
927 1307 1003 1352 hocce
1016 1307 1149 1354 remedium
1162 1312 1271 1369 prodest,

164 1377 190 1424 111
199 1377 298 1423 balneis
308 1379 394 1421 contra
408 1377 505 1421 doleres
519 1374 684 1420 rbeumstlcos
698 1377 722 1419 et
735 1372 890 1432 arthriticus,
908 1384 957 1427 qua
969 1375 1126 1430 gargarisma
1138 1376 1164 1422 ln
1177 1377 1272 1434 angina

164 1444 482 1493 estbenlosetcontraoris
497 1444 623 1489 foetorum,
658 1441 761 1487 semina
773 1441 974 1499 deniquefquae
986 1443 1113 1490 materiem
1127 1435 1277 1494 acerrlmsrn'
1345 1431 1367 1466 ·’

162 1513 302 1569 continent,
317 1513 344 1558 ln
355 1515 483 1568 pulverem
492 1511 599 1558 contrita
607 1521 663 1556 eum
672 1509 800 1556 radicibus
809 1509 952 1566 zingiberis
962 1511 1096 1558 oticinalls
1105 1518 1128 1558 et
1138 1515 1273 1570 llaempte-

163 1581 218 1629 riue
236 1586 385 1640 temperata,
411 1581 597 1636 intantumque,
624 1578 667 1632 qul
684 1578 749 1624 tebrl
766 1577 942 1624 intermittentes
963 1583 1091 1640 laborant,
1119 1587 1273 1637 praecentus

164 1650 279 1709 intricta,
299 1651 403 1696 multum
417 1651 510 1695 valenb
546 1643 670 1692 Micbetr'a
686 1643 810 1690 caerulea
826 1647 878 1692 liti.
895 1646 1075 1703 (islampecca
1092 1651 1181 1713 stru),
1199 1657 1273 1710 eujus

164 1723 282 1774 tanquam
300 1717 406 1772 prodigii
424 1717 540 1772 sequens
561 1716 588 1761 ln
610 1715 768 1762 ealmtrlcum
788 1715 945 1770 publicarum
967 1717 1101 1766 cantilenis
1123 1720 1149 1767 tt
1169 1726 1271 1786 mentio,

162 1789 252 1844 plenta
260 1786 385 1833 botrnlcis
394 1787 524 1832 admodum
533 1785 618 1832 dubia.
645 1789 648 1794 '
1071 1783 1074 1790 '

252 1867 391 1916 Mr‘ciietr'ee
404 1875 544 1916 nronlcnce
557 1871 638 1917 11111111.
653 1865 836 1925 (110]1111101001
850 1871 957 1926 duneng
971 1883 992 1917 s.
1007 1873 1169 1936 delatrare),
1187 1877 1213 1924 tn
1227 1879 1274 1925 Ja.

164 1951 213 1988 vae
221 1941 346 1986 montibus
356 1942 502 1998 crescentis,
522 1945 606 1986 cortex
615 1940 886 2000 aromatico-amarus,
905 1941 997 1986 conici
1007 1941 1163 1991 vaccaritiae
1175 1947 1272 1995 utribus

164 2011 342 2065 quodammodo
355 2011 550 2068 comparandus,
569 2009 651 2054 minus
665 2013 747 2053 tamen
761 2017 870 2053 amarus.
906 2005 1040 2067 Mugnolr'u
1049 2005 1180 2071 Duttropc
1192 2017 1273 2064 wall.
1306 2025 1312 2041 ¹

164 2083 189 2125 et
200 2075 325 2123 1111110110
337 2076 443 2122 excetra
452 2079 533 2124 11111111.
547 2075 701 2134 (chambe),
719 2076 817 2130 species
829 2080 991 2135 rrepalenser,
1009 2079 1123 2126 materiei
1138 2082 1273 2141 fragrantis

164 2147 350 2203 pulcbrltudlne
367 2149 577 2193 commendantur.
612 2142 782 2203 Marrglr'ctr'cre
798 2141 910 2202 glaucae
923 2147 1004 2192 11111111.
1023 2145 1188 2212 (blangtietJ,
1207 2157 1293 2209 apud·

164 2217 277 2262 decanos
287 2216 435 2272 crescentis,
453 2215 547 2271 lignum
562 2213 676 2260 albicans
692 2217 716 2260 et
729 2213 907 2260 solidissimum
921 2215 1069 2262 monticolae
1082 2219 1183 2272 plurlrbl
1197 2223 1274 2268 aesti-

164 2288 246 2342 ment,
266 2295 296 2330 ac
310 2284 375 2329 omni
389 2285 419 2330 cd
435 2283 598 2329 coniciendos
615 2285 752 2328 loculorum
770 2291 869 2328 asseres
888 2283 1043 2344 praeterunt,
1062 2287 1192 2340 opinantes
1210 2291 1274 2339 illud

165 2353 223 2407 ipsc
233 2355 279 2398 sub
290 2357 356 2398 terra
364 2363 414 2398 non
423 2352 512 2412 emori,
530 2361 685 2410 corporaque
691 2355 826 2396 emortuae
840 2351 968 2406 putredine
983 2353 1121 2409 demndere.
1157 2352 1272 2404 Arorurr-

166 2418 259 2465 dendrr'
274 2419 400 2480 elegantis
417 2421 498 2467 11111111.
513 2419 684 2476 (Kilunglung
698 2431 719 2465 s.
735 2418 885 2474 Gelatrsng)
903 2423 987 2465 cortex
1004 2421 1068 2467 inter
1084 2427 1273 2480 ltlagnottaceas

166 2501 264 2548 omnes,
283 2499 347 2544 quae
360 2491 449 2536 lavam
463 2489 615 2545 inhabitent,
634 2492 732 2542 praeter
745 2486 933 2534 amaritudinem
948 2489 1089 2544 gratissimo
1103 2495 1202 2540 excellit
1216 2509 1274 2544 aro-

166 2565 247 2616 mate,
266 2569 343 2612 quare
352 2556 496 2603 stomachici
506 2557 599 2613 egregii
610 2557 683 2602 laude
697 2557 763 2618 apttd
776 2555 908 2611 indigenas
922 2557 998 2604 floret.
1033 2559 1106 2605 Folia
1119 2561 1203 2609 itidem
1217 2577 1275 2611 aro-

165 2627 271 2682 matica,
289 2625 333 2672 vix
346 2631 428 2672 tamen
442 2635 539 2683 antara,
558 2627 656 2682 egregie
670 2625 837 2678 antispastica
849 2629 919 2682 sunt,
938 2630 1013 2680 atquc
1025 2627 1111 2674 infusa
1126 2630 1151 2676 in
1166 2635 1274 2679 motiun-

165 2695 232 2742 culis
249 2695 395 2754 hystoricis,
414 2695 440 2740 in
458 2695 538 2741 colica
555 2695 684 2740 datuteuts
701 2694 808 2748 allisque
825 2693 952 2740 similibus
966 2695 1126 2750 passionibus
1139 2711 1196 2748 curn
1210 2707 1273 2750 bono

166 2774 284 2810 successu
303 2763 472 2818 propinentur.
508 2765 621 2810 Truncus
639 2771 742 2810 crassus
758 2761 855 2820 lignum
872 2763 904 2810 ad
918 2765 1069 2812 exstruente
1082 2767 1196 2816 aedificia
1208 2773 1273 2829 opli-

165 2843 232 2879 mum
241 2837 264 2878 et
274 2831 452 2878 solidissimum
463 2835 571 2887 praebet.

252 2919 321 2963 Inter
334 2913 480 2977 Magnolr'cs
494 2917 614 2964 asiaticas
629 2913 763 2977 Mogroh'c
780 2913 864 2963 l'ntan
878 2914 962 2978 Deest,
981 2921 1047 2975 apud
1062 2921 1137 2970 Sinas
1155 2935 1170 2972 a
1188 2927 1274 2974 multis

167 2990 231 3033 retro
247 2985 358 3032 saeculis
371 2989 449 3046 culta,
468 2987 588 3042 imprimis
602 2987 753 3033 nominanda
765 2989 811 3032 est.
846 2987 928 3033 Arbor
941 2989 1041 3035 floribus
1051 2991 1189 3039 innumeris
1198 2995 1274 3042 simul

93 3067 98 3074 ·
167 3055 343 3110 nascentibus,
363 3055 496 3101 ututbrevi
510 3055 649 3112 duraturis,
667 3055 769 3112 decora,
788 3053 855 3109 genti
869 3055 950 3101 omnis
962 3059 1103 3113 elegantiae
1116 3062 1273 3110 studiosissi-

166 3135 223 3170 mae
232 3123 258 3168 in
267 3123 366 3170 deliciis
376 3129 422 3170 est.
456 3123 558 3170 Semina
568 3119 696 3180 (ille-p)
712 3124 844 3168 admodum
857 3133 954 3182 smera,
972 3127 1073 3172 remedii
1086 3130 1185 3186 egregie
1197 3130 1273 3178 febri·

167 3191 222 3247 fuci
231 3193 306 3237 laude
315 3193 431 3246 gaudent.
466 3189 614 3250 Magnolc’ae
625 3189 735 3250 gracilis
745 3191 850 3250 salisb,
869 3192 895 3237 ln
905 3191 1012 3246 Japoniu
1025 3193 1169 3254 indigenae,
1188 3205 1273 3248 cortex

167 3261 241 3306 odore
258 3263 416 3314 camphorato
434 3261 543 3307 excellit.
577 3259 679 3315 Species
695 3259 969 3306 boreali-emerlcenae
987 3259 1073 3308 fronde
1086 3265 1196 3322 nobiles,
1214 3267 1273 3316 tiore
1364 3285 1369 3292 ·

168 3333 304 3388 superbae,
323 3329 508 3384 seminibusque
522 3341 536 3374 e
549 3328 661 3374 funiculo
674 3329 747 3384 longo
762 3332 835 3373 extra
843 3330 972 3382 capulam
982 3323 1089 3376 hiantem
1100 3333 1215 3386 pendulis
1224 3337 1272 3382 mi-

168 3408 223 3456 rae,
242 3397 406 3452 pulcherrimo
415 3397 496 3453 sylvis
505 3397 586 3443 vastis
595 3401 738 3442 ornamento
746 3399 812 3442 sunt.
847 3393 1272 3468 Μαςηοὶξαοςνωιάιβοναε111111,

168 3463 317 3524 Magnetiae
334 3464 501 3512 auriculotcc
520 3468 604 3526 Lam,
630 3461 780 3523 Magnotr'ae
797 3461 991 3524 maeroplpttae
1007 3468 1100 3515 ltliclrx.
1118 3472 1273 3528 aliarumque

168 3535 307 3588 specierum
330 3537 414 3580 cortex
441 3547 554 3594 amarus,
585 3533 798 3592 subaromaticue,
828 3533 945 3580 remediis
971 3535 1061 3583 ionicis
1087 3541 1272 3592 adnumeratur.

168 3599 304 3661 Mcgcclia
319 3599 416 3661 glauca
427 3605 501 3650 Linn.
515 3607 540 3649 et
553 3599 687 3660 Magnetis
701 3599 853 3646 acuminata
867 3603 941 3649 Linn.
955 3603 1030 3660 Lignl
1044 3607 1177 3664 Sassairas
1190 3613 1272 3666 quaii-
1329 3647 1331 3650 .

169 3674 243 3717 tatem
256 3675 428 3718 aemulentur:
455 3675 562 3718 istarum
575 3671 651 3718 etiam
664 3669 761 3716 tructus
774 3675 798 3716 et
811 3669 908 3718 semina
920 3675 951 3718 011
961 3673 1075 3720 virtutem
1086 3681 1240 3726 roborantem
1249 3688 1274 3728 ct

168 3739 336 3785 stimulantem
345 3741 501 3786 adtribentur.
527 3737 715 3784 &accenderer
727 3735 970 3801 himeraeum,
984 3745 1058 3788 arbor
1067 3749 1273 3808 centumpedalis,

167 3807 195 3853 tn
209 3807 326 3854 America
342 3808 437 3855 boreali
454 3809 517 3855 locis
535 3809 670 3864 pinguibus
684 3808 748 3853 inter
760 3808 862 3854 durium
875 3807 1035 3856 connectlcut
1048 3815 1072 3858 et
1084 3815 1168 3862 lacum
1183 3817 1273 3864 01111111·

168 3875 237 3930 plain
247 3881 336 3930 sponte
348 3877 472 3936 nascitur,
491 3881 564 3932 cutus
577 3879 689 3924 decorem
701 3877 775 3923 etism
790 3875 816 3922 ln
829 3877 905 3922 nanis
917 3878 1036 3932 stirpibus
1050 3885 1116 3936 apud
1130 3887 1274 3940 1100110οῃ1-

169 3943 413 3996 tsntlbusmirsmur.
448 3946 659 4005 cortexsmarus,
678 3945 962 4005 aromatico-pungens,
981 3947 1045 3995 inter
1057 3954 1274 4004 praestantissima

169 4013 325 4060 cascarlllae
337 4015 496 4061 succedanea
509 4019 665 4073 numeratur,
687 4014 763 4062 etlam
776 4013 918 4060 cincbonae
930 4025 1106 4072 nonnunquam
1121 4022 1274 4068 substituen-

169 4083 229 4140 dus,
256 4083 400 4134 substantla
416 4083 565 4137 crystallina
585 4082 746 4130 amarissima
763 4078 1002 4144 (Le'rr'odcrrdrr'ca),
1029 4097 1094 4141 quae
1114 4089 1238 4145 lmprlmla
1259 4103 1274 4136 e

169 4150 263 4198 radicis
272 4151 362 4197 cortice
371 4151 507 4211 obtinetur,
526 4152 616 4200 foetos.
708 4145 715 4157 “

252 4221 282 4264 In
296 4216 417 4277 lttr'cr'er’r,
436 4231 499 4274 ques
512 4219 632 4274 cerpidlie
647 4217 756 4276 etnpllct
771 4219 836 4267 serie
853 4220 1025 4276 verticillatis,
1044 4223 1153 4280 aliisquo
1170 4225 1274 4282 insuper

168 4285 234 4333 notis
248 4297 265 4333 a
278 4288 429 4344 magnoltels
442 4289 511 4335 veris
525 4289 669 4348 distinctas,
687 4282 858 4336 verisimiliter
870 4291 962 4345 proprii
976 4291 1070 4336 ordinis
1080 4293 1124 4346 ius
1142 4295 1274 4350 deposcere

166 4355 219 4409 lam
232 4355 354 4416 diximus,
373 4358 492 4404 aromatis
505 4358 601 4414 terror,
619 4360 651 4403 ab
664 4359 718 4404 oleo
731 4363 846 4404 aethereo
857 4365 880 4404 et
890 4359 974 4405 resina
984 4361 1143 4418 repetendus,
1162 4363 1273 4411 nativam

168 4425 360 4498 amaritudinem
376 4427 488 4474 retrudit.
521 4422 677 4486 Drimydcsr
693 4428 805 4487 spectes,
823 4429 874 4474 late
891 4439 936 4482 per
952 4427 1093 4476 ,emeritam
1112 4431 1231 4487 tropicam
1250 4441 1274 4481 et

725 4521 753 4554 Ι
