2988 5040
685 321 894 433 A„

238 537 669 596 lanioniaterolerauomedtratur.
703 533 977 597 Mmsrubreblnn,
991 537 1348 593 apudBorsali-emsrlosnos

241 619 363 664 uaseens,
382 610 473 654 baeess
482 609 605 652 dierorum
615 605 843 662 olioinislargltur.
878 607 1021 662 flpeoiorum
1031 608 1348 666 susim-ammissueruat,

241 675 313 723 Mori
325 672 495 736 eeiiiriisoiiae
503 677 592 720 liumb.
601 679 625 719 ei
634 676 722 730 Bonpl.
735 674 822 730 (litore
833 674 959 732 (luiterus.)
970 680 993 720 el
1005 673 1075 720 liert
1082 674 1248 737 eorpiefoiioe
1258 679 1348 724 ilumir.

242 751 267 792 et
279 747 367 799 lioupl.
378 743 463 798 (blora
476 744 592 788 eoloratis
604 739 731 798 Quilens.)
746 741 841 788 fruetus
855 743 926 790 erudi
938 747 1097 810 et'sseebaro
1110 745 1203 790 oondlti
1216 745 1281 790 inter
1294 749 1349 792 bel·

242 813 310 861 laris
322 815 416 859 edules.
450 813 517 858 idem
530 813 561 857 de
573 807 649 856 Moro
664 809 783 854 tolenea
790 810 878 871 binn,
896 811 980 867 speeie
993 813 1083 859 Asiam
1094 813 1202 860 medium
1214 811 1348 872 lneoleore,

242 885 318 930 ualet.
353 878 491 926 Meuius-oo
504 878 645 938 tisolmoe
657 882 723 927 suti.
734 879 941 935 (Broussonetiao
950 881 1080 927 tinetorise
1089 881 1191 938 liuntlu,
1200 881 1350 936 cbarsgna·

242 961 309 1006 nepe
318 953 402 997 embra
412 948 577 1005 comedens.)
585 952 678 994 bedese
686 948 799 1008 espldee,
813 949 940 995 amediols
949 947 975 996 in
984 950 1102 996 Ameriee
1110 951 1204 1004 tropica
1212 953 1350 996 salutarem
1414 955 1417 975 ¹

243 1025 321 1068 artem
335 1019 507 1064 exercentibus
517 1021 642 1062 iliorurum
650 1020 843 1065 loeobobeotur.
876 1018 982 1064 Arboris
991 1021 1108 1064 excelsae
1117 1019 1213 1074 iignum
1221 1017 1287 1064 bauo
1297 1017 1347 1062 tin-

242 1101 305 1144 gens
314 1087 403 1144 (vulgo
412 1084 529 1142 uestiti),
547 1086 825 1131 substentiseolorsnte
834 1085 932 1140 propria
942 1085 1069 1142 (litorius)
1081 1087 1184 1144 ioelum,
1202 1087 1348 1132 commercio

182 1158 190 1194 .’
241 1156 268 1203 in
278 1159 401 1208 liuroparn
410 1153 549 1199 advehitur.
585 1149 980 1200 Macluraeeurenrleeaesuu.
991 1151 1191 1212 (bow-wood),
1210 1154 1236 1199 in
1246 1153 1350 1200 interio-

241 1224 312 1271 ribus
321 1222 452 1268 Amerieuo
461 1221 570 1267 borealis
580 1223 727 1282 crescentis,
741 1222 877 1276 syneurpis
886 1225 1000 1280 globosa,
1014 1221 1091 1278 pugni
1100 1225 1176 1280 mole,
1191 1221 1348 1282 durentiaes,

241 1295 318 1340 stulte
328 1301 371 1345 pro
379 1289 454 1336 maiis
464 1291 549 1336 aureis
558 1293 589 1336 ab
599 1289 756 1346 suidegerus
764 1291 863 1348 liubila,
881 1300 956 1337 sueoo
967 1290 1072 1350 foetido,
1090 1291 1154 1336 bovo
1164 1291 1284 1352 tingente,
1299 1301 1349 1345 puo

242 1358 357 1417 belligeri
374 1361 534 1404 autoebtoues
551 1359 675 1403 horridam
692 1359 797 1414 pingunt
814 1357 917 1418 isoiem,
937 1359 1043 1415 turgidu-
1076 1353 1280 1403 Brouseoaelioe
1294 1369 1349 1416 pu-

239 1426 378 1488 pyrrserae
395 1427 468 1472 vent.
486 1425 566 1481 (Aule
580 1425 705 1480 buliens.)
719 1425 842 1472 latissime
856 1427 1042 1481 peroceunlam
1057 1427 1175 1486 diiiusse,
1193 1429 1260 1482 apud
1272 1427 1350 1472 Sinos

244 1497 386 1549 etlapones
400 1495 472 1539 etism
487 1497 582 1552 cultae,
599 1493 663 1540 llber
672 1495 781 1552 textilis,
799 1494 960 1540 meximueiu
968 1495 1349 1549 parondseberts'apudllters-

243 1564 357 1611 tissimus
378 1565 504 1610 extremae
523 1562 604 1612 solue
626 1567 713 1618 gentes
732 1573 805 1609 usus.
844 1563 980 1610 Fructuum
995 1563 1107 1620 etipiluil
1123 1564 1223 1610 omousi
1239 1563 1349 1618 insipide

243 1633 339 1679 duloes.

327 1727 435 1776 Fleuum
451 1731 546 1789 speeies
562 1731 718 1793 innumerae,
737 1735 824 1781 barum
841 1733 908 1781 alise
921 1732 948 1780 in
961 1733 1088 1791 regionum
1101 1733 1252 1790 tropicarum
1264 1732 1348 1788 sylvis

243 1801 353 1850 aeternis
371 1800 487 1847 caulibus
504 1800 639 1846 Immensae
657 1803 821 1857 longitudinis
834 1803 974 1850 vicinarum
987 1805 1102 1848 arborum
1116 1807 1215 1850 truncos
1228 1807 1252 1849 et
1265 1813 1348 1850 munos

241 1871 387 1928 perrepunt,
402 1868 545 1915 innumeras
554 1870 644 1924 stirpes
654 1871 811 1924 amplexibus
820 1869 874 1916 suls
885 1872 1042 1930 maritantes,
1057 1871 1124 1917 alise
1135 1872 1161 1918 in
1169 1871 1248 1917 veteri
1258 1874 1349 1918 tellure

241 1942 290 1990 sub
308 1938 377 1984 obelo
395 1935 489 1983 fervido
503 1917 647 1996 nascentes,
667 1949 743 1994 super
755 1937 897 1998 giganteum
912 1945 1023 1984 truncum
1038 1939 1162 1994 ingentem
1176 1951 1270 1985 comam
1285 1949 1350 1994 pan-

243 2009 317 2064 dunt,
335 2005 463 2052 redibibus
480 2007 562 2052 sireis
580 2018 594 2051 e
612 2005 706 2052 frondis
724 2009 789 2051 elsio
808 2008 900 2053 uertice
914 2009 1121 2062 propendentibus
1135 2016 1180 2054 eeu
1195 2007 1293 2054 totidem
1307 2019 1350 2052 eo·

241 2073 335 2124 lumnis
351 2075 483 2133 tirmstsm,
502 2073 539 2120 its
556 2072 625 2119 utin
643 2077 742 2128 sylvam
759 2077 904 2123 adolescent
921 2078 1037 2131 singulae
1055 2079 1168 2136 arbores,
1187 2076 1350 2122 sdmlrundse

242 2149 348 2192 naturae
367 2147 391 2188 et
404 2142 586 2196 antiquissimis
599 2145 743 2196 populorum
757 2145 976 2198 superstitionibus
991 2147 1144 2206 celebratae,
1162 2144 1271 2198 integros
1285 2155 1352 2190 mor-

245 2213 332 2259 talium
344 2221 423 2266 pagos
436 2210 510 2256 viridi
521 2215 582 2256 tecto
592 2213 774 2258 obumbrantes.
809 2213 936 2258 Plurimae
946 2215 976 2258 ob
986 2217 1144 2267 receptacula
1153 2213 1282 2259 fructifere
1291 2223 1351 2259 sse-

243 2284 320 2328 uburo
338 2284 363 2324 et
379 2290 451 2324 muco
469 2279 569 2334 copioso
586 2279 724 2338 sententis,
742 2279 810 2326 alise
828 2285 858 2326 ob
877 2281 947 2327 sueei
960 2282 1035 2328 lactei
1048 2282 1182 2335 quaiitsles
1195 2280 1271 2328 utiles
1284 2285 1352 2327 sunt.
1383 2325 1387 2332 ,

243 2348 384 2396 Notissima
394 2353 454 2393 suut
466 2343 542 2392 Ficus
553 2344 663 2392 Curious
673 2346 759 2406 litun,
777 2359 844 2394 uuae
853 2350 947 2404 passim
958 2359 1002 2403 per
1011 2351 1134 2406 regionem
1144 2351 1351 2398 mediterraneam

244 2420 340 2475 eultse,
358 2417 430 2462 nobis
443 2417 565 2462 adversus
579 2415 680 2472 trigoris
692 2417 872 2472 inpatientlsn
881 2417 981 2464 osulius
990 2418 1172 2476 detendendae,
1190 2420 1351 2474 reoepisoula

244 2486 368 2534 iruotuum
387 2485 531 2540 pyrtiorruis
548 2481 667 2538 [ceruos
685 2485 801 2544 sliri),
819 2498 883 2540 uuue
900 2488 1012 2534 recentia
1023 2487 1185 2544 sepidlesino
1199 2497 1271 2535 mueo
1284 2488 1351 2534 inter

243 2555 352 2602 iustiore
370 2549 476 2600 beliariu
493 2555 676 2613 commendate,
693 2555 765 2600 sieoe
776 2555 841 2602 inter
853 2559 1030 2602 nonnullarum
1042 2556 1150 2610 gentium
1165 2566 1289 2602 aunuumu
1302 2559 1351 2602 ba·

246 2628 346 2680 buntur,
363 2621 470 2676 plurimo
484 2623 650 2667 circumvecta
663 2623 820 2680 commercio,
838 2627 867 2668 ob
882 2623 997 2669 virtutem
1010 2624 1265 2680 egregisnulrieutem
1274 2623 1352 2672 otim

244 2701 263 2737 a
274 2690 377 2736 medicis
390 2689 559 2749 praescripta,
575 2695 642 2735 tosta
654 2703 678 2737 v.
691 2694 757 2736 laete
770 2692 871 2738 entolila
883 2691 915 2737 od
928 2695 1087 2738 maturandos
1102 2696 1237 2738 obscessus
1248 2695 1350 2738 externe

244 2759 320 2806 etism
332 2769 388 2802 eum
397 2757 471 2803 laude
481 2757 640 2811 applicantis
678 2759 772 2804 lisdem
782 2758 942 2814 plurimarum
952 2761 979 2805 Ιιι
989 2761 1054 2805 Asis
1063 2760 1182 2806 ualidiore
1191 2761 1350 2807 nascentium

244 2829 303 2874 isus
312 2829 358 2884 est,
372 2825 437 2871 inter
445 2825 580 2882 lrugiieras
590 2822 668 2871 Fi'esre
678 2825 801 2885 religiosa
810 2825 847 2887 is,
865 2823 896 2872 F.
905 2822 1062 2884 Beniamina
1072 2827 1109 2888 b,
1123 2823 1154 2874 F.
1161 2827 1260 2886 puertia
1268 2831 1306 2888 lb,
1320 2823 1352 2872 F.

245 2891 398 2940 eunomium
410 2895 496 2952 Loun,
515 2891 547 2940 F.
560 2891 683 2954 Runrplrii
698 2898 792 2955 iilum,
811 2891 842 2939 F.
857 2893 1033 2956 benghaleueir
1046 2899 1087 2954 ln,
1107 2891 1135 2944 F.
1150 2907 1246 2954 aspero
1260 2897 1351 2958 uersu,

245 2969 270 3011 et
279 2960 309 3009 F.
320 2959 468 3006 Grasatent
477 2963 557 3009 Forst.
570 2961 692 3018 imprimis
706 2965 871 3011 nominandae
884 2969 955 3026 sunt,
973 2975 1018 3011 nee
1028 2967 1207 3019 praetereunda
1215 2969 1252 3011 est
1262 2967 1350 3022 Aegy-

246 3033 351 3089 ptiorum
361 3026 527 3091 Speomoree,
544 3031 668 3078 iruettbus
681 3043 759 3086 seoue
769 3033 950 3092 commendata,
969 3043 1043 3088 quem
1052 3034 1265 3088 lignlineorrupts
1274 3034 1352 3080 duro-

246 3103 325 3158 lione,
340 3101 490 3158 toculorum,
503 3102 594 3154 quibus
603 3101 783 3158 Aegyptiorum
792 3107 902 3148 ueterum
911 3107 1168 3162 corporasertuntur,
1183 3102 1352 3156 experimento

246 3171 403 3228 coninuste,
421 3169 520 3217 nobilis.
553 3168 641 3216 Laetis
657 3169 756 3216 deulnel
773 3171 848 3217 uaris
864 3175 902 3216 est
913 3176 1017 3230 nature,
1037 3165 1115 3214 Ficus
1127 3167 1228 3214 indicere
1241 3172 1269 3217 b.
1284 3168 1350 3225 (Bs-

245 3239 351 3298 nlsna),
369 3233 399 3281 F.
414 3249 523 3282 venosus
536 3239 601 3298 Alb,
618 3234 650 3282 F.
663 3233 862 3294 Benjomt'noeb
877 3271 884 3298 ,
903 3235 933 3282 F.
939 3235 1102 3297 glomeratae
1110 3241 1189 3284 iloxb.
1202 3241 1271 3284 inlex
1280 3237 1349 3284 mitis

246 3312 297 3366 est,
315 3308 380 3352 inter
397 3307 506 3353 remedie
522 3309 612 3354 leniter
629 3308 753 3354 solventls
770 3307 796 3352 in
814 3307 927 3362 populari
938 3308 1052 3353 Indorum
1065 3307 1190 3354 medicine
1204 3311 1350 3364 usurpatus,

248 3371 326 3420 lictu
344 3372 493 3418 loxieurioe
510 3377 539 3421 b.
557 3382 581 3422 et
600 3371 628 3423 F.
647 3375 762 3432 replices
773 3377 802 3422 L.
820 3387 912 3421 succus
926 3375 1039 3432 spissus,
1058 3375 1176 3432 iiavidus,
1194 3379 1352 3420 vehementer

246 3443 387 3500 bassileus,
401 3443 597 3488 smeriosnsrum
607 3445 781 3501 conplurium,
795 3443 917 3498 imprimis
926 3439 1005 3488 Ficus
1015 3441 1227 3490 ReduiueWilld.
1238 3447 1263 3489 et
1272 3439 1351 3486 Ficus

247 3507 479 3556 ebeberatorium
489 3515 562 3556 biert.
572 3511 707 3570 oratioue,
723 3523 829 3566 magnes
838 3513 903 3566 apud
913 3513 1044 3558 Ameriese
1054 3513 1175 3558 australis
1188 3516 1350 3558 sutoebtones

247 3580 274 3626 ln
284 3577 419 3624 enecandis
428 3578 601 3624 intestinorum
611 3580 737 3626 vermibus
746 3581 837 3626 leudis.
854 3581 949 3626 Resine
958 3583 1065 3627 elsstiea
1074 3579 1261 3636 (cooutcboue)
1271 3593 1284 3625 e
1294 3584 1351 3634 plu-

248 3647 311 3694 rium
325 3648 427 3700 lympbs
439 3647 574 3705 obtinetur,
592 3647 677 3694 indies
690 3661 705 3694 e
718 3645 782 3693 Fies
796 3645 908 3692 elostieo
920 3649 1013 3708 Roxb.,
1033 3645 1062 3695 F.
1076 3645 1164 3693 indico
1176 3651 1219 3706 in,
1238 3643 1267 3692 F.
1278 3648 1351 3692 tori·

248 3710 424 3760 euriolrelF.
432 3713 555 3772 religiosa
560 3718 589 3762 L.
599 3717 753 3770 potissimum
764 3721 874 3775 peretur,
885 3717 1052 3763 amerlounem
1062 3711 1145 3764 eFies
1151 3713 1351 3765 Radntewtrld.

247 3783 425 3843 (liiguerote),
445 3778 475 3829 F.
484 3780 599 3840 eliiptioe
609 3785 639 3830 ll.
649 3791 673 3830 et
681 3787 709 3830 li.
720 3789 743 3830 el
753 3782 782 3828 F.
788 3783 908 3842 priaoids
916 3787 947 3831 ll.
956 3786 985 3832 Β.
995 3783 1167 3840 [οιοιιισιιοιιο
1176 3787 1206 3832 de
1216 3783 1350 3839 doaduss)

247 3853 367 3898 obtinent.
400 3852 497 3898 nesius
508 3849 605 3898 lnoese
622 3864 636 3898 e
654 3854 762 3900 diversis
775 3855 879 3900 Fleuum
896 3854 1036 3900 insiluerunt
1052 3855 1157 3902 ramulis
1173 3865 1257 3900 morsu
1276 3853 1350 3898 escol

247 3921 380 3976 cujusdem
391 3919 506 3980 eiiuens,
524 3920 552 3966 lu
564 3917 594 3965 F.
605 3918 691 3966 iudico
703 3923 797 3978 iioxb.,
818 3918 847 3969 F.
857 3918 1024 3980 besgholeses'
1031 3921 1059 3970 ir.
1072 3929 1097 3968 et
1106 3917 1136 3968 F.
1149 3919 1238 3978 Trieio
1248 3921 1349 3966 lismilt.

248 3989 370 4045 imprimis
382 3989 521 4048 colligitur,
539 4001 554 4034 e
566 3989 688 4036 resinosls
696 3991 766 4036 sueel
776 3990 874 4036 ieelnel
883 3998 906 4035 et
916 4003 930 4036 e
939 3990 1106 4037 eolorsntlbus
1115 3990 1189 4036 coest
1200 3988 1350 4036 substantiis

246 4059 394 4114 oomposita.
428 4059 512 4103 lsacee
528 4058 622 4113 optima
638 4068 670 4104 ex
688 4054 831 4104 Admittite
849 4061 968 4117 quadam,
994 4059 1239 4114 sepnornlneesrun
1257 4056 1350 4103 ordinis

247 4128 338 4186 stirpe,
357 4124 454 4182 petitur.
488 4127 561 4173 Fotis
578 4127 682 4172 liiouuut
697 4128 798 4180 iuniore
811 4132 842 4174 sb
854 4129 923 4174 indis
937 4127 1002 4173 inter
1014 4131 1084 4174 olere
1096 4129 1267 4184 ourseduutur,
1286 4135 1344 4170 non·

249 4198 374 4241 nullarum
383 4195 517 4251 unguentis
526 4195 677 4242 vulnerariis
687 4195 819 4242 admisceri
827 4199 921 4254 solerti,
939 4195 1045 4242 alierum
1055 4196 1119 4242 inter
1128 4195 1237 4242 remedie
1246 4193 1353 4240 satelles

248 4268 272 4310 et
290 4263 495 4310 sntbelntinlblea
510 4268 677 4310 numeruntur.
712 4265 880 4311 plurimarum
897 4265 982 4311 eortici
998 4265 1104 4312 uirtutes
1119 4265 1216 4312 tunicas
1230 4263 1350 4319 tribuunt,

247 4332 374 4377 desuetum
391 4331 490 4378 oortlois
508 4327 586 4377 dieue
603 4329 786 4391 religiosorem.
806 4333 1047 4388 praestantissimum
1064 4333 1092 4380 in
1105 4334 1203 4380 diabeie
1218 4330 1350 4378 remedium

247 4399 398 4454 praedicent.
