2988 5040
648 448 860 464 m
908 449 912 457 ¹

200 563 285 620 uum,
302 563 432 618 utloaan
447 562 514 610 inter
529 569 554 610 et
566 574 658 610 novun
672 567 756 612 orbem
766 561 887 622 aluham,
904 564 998 612 liniter
1007 565 1167 614 extrlaoeoua
1183 575 1308 622 opponere

200 629 319 688 inleatoa,
337 631 379 685 pal
396 631 420 690 ei
437 635 551 692 tollatur,
569 632 607 680 ull
624 633 737 680 relietum
754 639 835 690 aaut,
852 635 917 687 quod
929 639 1089 688 utramnoue
1100 635 1268 689 oonlumtleul
1281 642 1307 682 et

200 699 357 755 permixtioni
374 711 432 746 aeae
447 706 588 754 opponeret.
621 700 700 756 letum
716 711 766 747 nou
783 704 865 748 aolun
883 701 1003 760 tropicae,
1021 704 1065 748 aed
1084 703 1161 749 ueluti
1174 705 1307 757 antipodas

199 769 273 814 nobie
289 769 454 822 appellandae
465 779 522 816 ease
534 772 581 832 bap
593 770 708 827 arborea,
726 775 810 824 utpote
822 780 927 824 pomum
940 769 1070 828 empulae,
1089 771 1154 817 luter
1166 773 1260 828 gradus
1272 773 1306 816 td

200 836 230 882 l..
243 837 275 882 A.
289 841 314 882 et
326 839 357 882 iit
367 839 396 884 1..
405 837 433 882 Β.
447 839 551 894 ιςηᾱιι
565 838 597 881 liu
606 838 636 883 L.
646 849 682 884 or.
695 840 727 884 ad
739 839 843 894 gruum
852 839 884 882 ab
894 839 923 883 Ι..
933 849 969 884 or.
978 841 1078 896 globum
1089 845 1242 894 terraoueunt
1252 851 1306 885 am-
1377 829 1379 834 ’

200 903 265 962 blut,
279 903 343 950 eolis
352 904 467 958 oeouoria
477 905 788 961 praealneulieouenarls
797 906 907 966 pacldel,
920 917 986 962 uuae
993 907 1112 954 Laurinis
1122 909 1253 954 arboribus
1262 918 1306 963 pe-

199 972 553 1032 einamma-interruptus.
1009 973 1014 981 '

284 1057 315 1103 lli
325 1060 388 1104 baec
400 1057 498 1113 quidem
513 1056 609 1118 ineius,
627 1069 701 1114 ouem
714 1057 853 1114 praesentis
866 1069 957 1114 operae
969 1059 1079 1106 rationes
1092 1062 1230 1117 postulant,
1250 1071 1306 1114 per-

200 1129 319 1183 tractata,
339 1125 437 1172 totidem
450 1133 532 1174 tamen
545 1127 635 1174 summi
648 1127 697 1172 viri
709 1127 930 1176 verbisnutctibro
940 1127 1073 1174 inserenda
1082 1129 1237 1184 putarimus,
1256 1141 1305 1175 uon

200 1193 256 1240 ldeo
270 1199 376 1250 tantum,
396 1200 423 1240 ut
437 1197 553 1242 absoluta
567 1195 747 1242 distributionis
760 1197 942 1252 geographicae
955 1197 1106 1242 nobilissimi
1114 1201 1256 1252 plautatum
1265 1209 1306 1242 or·

200 1261 267 1308 dinis
280 1265 401 1312 babeatur
413 1263 508 1320 imago,
525 1265 570 1310 sed
584 1269 610 1310 ut
623 1265 750 1310 luculento
763 1264 838 1310 eimul
853 1267 965 1319 exemplo
979 1272 1112 1324 appareat,
1131 1267 1251 1319 ouomodo
1266 1264 1304 1311 ia·

200 1331 287 1378 millae
300 1329 436 1389 naturalis,
455 1342 518 1385 quae
531 1331 598 1378 omni
611 1343 643 1378 ex
658 1338 726 1385 parte
735 1339 773 1378 eat
782 1333 984 1388 circumscripta,
1003 1339 1027 1379 et
1037 1333 1169 1388 disiunctis
1178 1344 1192 1379 c
1201 1338 1305 1380 naturae

199 1406 261 1444 nutu
275 1397 415 1452 specierum
427 1410 471 1453 per
484 1410 576 1455 genera
587 1400 702 1458 sedibus,
721 1407 746 1446 et
758 1400 888 1455 dispositis
902 1401 927 1446 in
942 1402 1021 1446 tribus
1035 1405 1163 1448 naturales
1172 1403 1305 1457 generibus

200 1467 247 1512 rlte
260 1466 375 1512 ordinata
386 1471 411 1513 et
423 1467 570 1523 constituta,
588 1468 697 1514 rationes
709 1469 889 1526 geographicae
902 1469 952 1514 slnt
966 1471 1140 1527 exponendae,
1158 1475 1182 1516 et
1191 1473 1305 1516 absolute

199 1539 350 1596 systemate,
368 1534 409 1582 cul
428 1535 506 1582 veluti
523 1534 684 1584 laudamento
700 1537 782 1584 omuls
794 1537 896 1584 ulterior
910 1537 1024 1584 innititur
1037 1537 1189 1598 disquisitio,
1208 1539 1305 1596 possim
1390 1570 1399 1582 .

198 1602 299 1660 exponi.

285 1715 652 1782 Omllttttelolum·
677 1724 1304 1774 lleLaurlnearumviribuemcdicisetusudicen·
1377 1715 1380 1723 ¹

199 1797 251 1852 tea,
269 1795 373 1840 eundem
386 1805 457 1849 poem
471 1796 592 1841 bectenus
605 1797 692 1840 dueern
706 1806 793 1850 preaao
808 1797 869 1849 pede
882 1795 1017 1850 sequimur.
1051 1798 1161 1843 Arbores
1170 1795 1304 1848 lraurluas,
1347 1803 1349 1806 ·

199 1871 265 1916 quac
274 1863 371 1916 quidem
380 1862 478 1908 viribus
486 1867 511 1908 et
519 1869 629 1909 aromate
639 1865 806 1922 praeceliunt,
824 1865 1220 1922 oleopaudereaetbereononet,
1238 1863 1305 1908 intra

199 1929 284 1976 radios
300 1931 451 1977 medullaree
468 1930 568 1978 corticis
584 1931 693 1978 maxime
709 1937 816 1991 secreto,
842 1933 887 1978 aed
904 1933 979 1978 etlam
997 1933 1023 1978 iu
1041 1933 1154 1978 loliorum
1172 1933 1306 1986 commuue

199 1997 327 2054 glandulis
336 1999 457 2054 disperso.
470 1999 526 2045 olei
534 1999 644 2046 aetherei
653 2000 773 2046 leruoretn
783 2001 809 2046 lu
818 1999 878 2046 allio
886 2001 960 2054 uuaei
969 2001 995 2048 lu
1004 2001 1160 2047 dulcedinem
1169 2000 1247 2058 abire,
1256 2009 1304 2054 ouo
1378 2045 1384 2056 ,

201 2063 393 2110 clauumoataat
412 2069 572 2126 producatur,
591 2072 623 2114 att
639 2071 721 2114 altera
731 2073 814 2114 aulem
827 2073 896 2122 pane
909 2069 1051 2126 refrigerari
1063 2069 1137 2124 quast
1150 2079 1179 2114 ac
1192 2068 1304 2123 deuoue-

199 2146 271 2180 acere
281 2134 365 2188 lupael
375 2131 537 2192 emplum-ae
545 2135 638 2192 balitu,
648 2137 712 2182 inter
721 2137 883 2190 campboram
894 2137 969 2192 igitur
977 2144 1001 2184 et
1011 2135 1198 2184 cinnamomum
1206 2135 1304 2184 versari

199 2203 365 2248 Laurlnarum
375 2205 489 2248 arborum
499 2205 729 2260 secretaepecilca.
763 2206 969 2261 desecandum,
988 2217 1021 2252 ex
1029 2206 1187 2252 orientalium
1196 2206 1304 2261 agmine,

198 2281 263 2325 quae
274 2269 435 2314 cinnano-d
445 2274 534 2327 plenae
543 2281 615 2318 omne
628 2277 811 2327 campboratum
824 2278 869 2319 aut
877 2276 998 2328 repellere
1006 2273 1105 2320 omnino
1113 2279 1155 2318 aut
1165 2275 1197 2319 ed
1206 2273 1305 2319 radices

199 2339 336 2394 deprimere
345 2339 484 2397 uideantur,
502 2343 589 2386 barum
598 2340 660 2386 lolia
669 2345 708 2387 vel
718 2341 775 2396 ipse
784 2341 1084 2398 cinnamomumsplrure,
1099 2345 1138 2386 t'el
1148 2341 1304 2396 caryopbpl-

200 2409 279 2454 lorum
289 2411 403 2454 eubulere
413 2409 598 2464 praestantiam,
612 2411 651 2454 vel
661 2411 693 2455 ad
703 2408 845 2455 debiliorem
855 2409 973 2456 lnirmari
983 2411 1137 2456 dulcedinem
1147 2417 1189 2456 aut
1198 2410 1304 2456 muciia·
1356 2455 1360 2463 ,

199 2477 290 2532 plnum.
324 2477 504 2524 Leurlnearum
522 2477 712 2524 occidentalium
730 2479 851 2532 ottesdam
868 2478 956 2524 rudius
973 2479 1095 2533 quoddam
1109 2477 1304 2536 cinnamomum,

199 2545 329 2602 magisque
347 2545 505 2601 adstringens
523 2542 655 2606 uenerare',
673 2547 800 2593 sedidem
819 2546 973 2592 cinnamomi
990 2557 1088 2604 aroma,
1108 2546 1180 2600 ouen
1197 2547 1304 2600 quodam

202 2613 286 2660 florum
295 2613 473 2660 Auranilorum
486 2613 609 2660 connubio
621 2615 645 2661 iu
660 2618 834 2660 nonnullarum
846 2605 962 2660 arboru'm
976 2615 1163 2662 brasiiienalum
1172 2614 1263 2660 cortice
1272 2615 1304 2660 ad
1402 2641 1406 2661 .

199 2681 588 2740 summamiragrantiamextolll,
598 2687 801 2729 blescarenarum
810 2683 1048 2738 etbledagascariae
1057 2684 1187 2738 indigenas
1195 2683 1270 2728 odore
1279 2685 1305 2728 el

199 2759 290 2804 sapore
298 2761 356 2794 esse
365 2749 518 2795 cinnamomi
526 2749 632 2810 viliorie,
646 2757 756 2797 aromata
764 2750 842 2796 veluti
851 2751 991 2804 promiscuo
1001 2758 1075 2805 atoue
1084 2751 1187 2806 impuro.
1205 2753 1234 2796 ln
1244 2750 1304 2795 aliie

199 2823 286 2864 contra
302 2813 473 2875 temptorum
488 2819 653 2878 praeponere,
671 2829 815 2872 omnemque
830 2817 882 2864 sere
894 2830 927 2864 ex
941 2819 1006 2864 omnl
1021 2821 1164 2874 parietina
1177 2821 1303 2873 expellere

199 2885 354 2931 cinnamomi
369 2886 528 2932 suauitatem.
563 2887 665 2946 Latere,
683 2889 726 2932 ubi
738 2887 886 2933 sublimiora
898 2890 958 2932 ilaec
968 2887 1086 2946 emicant,
1106 2886 1305 2932 lenioremillam

199 2953 318 3000 corticum
336 2953 526 3000 amaritudinem
543 2959 568 3000 et
585 2954 636 3000 vim
654 2955 849 3011 adstringentem
868 2963 898 3000 ac
916 2958 1125 3012 corroborantem,
1144 2965 1208 3009 quae
1222 2955 1303 3000 neutri

199 3021 299 3068 omniuo
317 3022 404 3068 deeeae
420 3021 519 3068 uidetur
535 3023 613 3068 nostri
630 3023 725 3070 ordinis
743 3023 832 3069 arbori.
866 3023 1021 3078 Ubicumque
1038 3029 1119 3070 eutem
1137 3023 1245 3070 aetberel
1259 3026 1304 3068 aut

200 3089 263 3137 nibil
277 3095 321 3136 aut
334 3091 478 3145 imperfecta
490 3095 514 3136 el
524 3101 616 3145 opturba
624 3097 718 3138 tentum
728 3096 888 3148 procreantur
896 3091 1007 3145 eluedem
1017 3091 1162 3148 primordie,
1179 3091 1215 3136 ibi
1224 3089 1303 3137 amari

199 3171 297 3214 semper
314 3159 408 3213 aliquid
418 3159 539 3220 residere,
558 3160 659 3206 diversa
676 3161 702 3205 vi
720 3165 743 3206 et
756 3159 897 3206 intensione
910 3170 1002 3218 egeus,
1020 3166 1045 3204 et
1058 3171 1144 3214 purum
1158 3161 1183 3206 ld
1196 3159 1303 3214 quidem,

200 3235 243 3274 aut
261 3227 412 3274 acrimoniae
429 3228 539 3287 cuidam,
559 3233 601 3274 aul
614 3229 639 3274 vi
654 3227 819 3284 adstrlnpeutl
831 3230 995 3282 cureiunetum.
1030 3229 1138 3278 blediam
1152 3228 1225 3283 quast
1239 3228 1303 3272 inter

198 3297 362 3351 conponam
380 3303 403 3344 et
421 3297 608 3343 Cinnamomum
625 3298 719 3342 intruere
736 3302 760 3342 et
777 3295 870 3342 virium
887 3302 911 3341 et
928 3295 1011 3341 odoris
1027 3303 1102 3351 atoue
1119 3296 1218 3352 saporis
1232 3296 1303 3341 iiiam

200 3365 322 3422 speciem,
341 3375 414 3418 uuam
429 3361 573 3428 Saarnfroa
587 3366 672 3426 refert,
691 3371 715 3411 et
729 3365 826 3420 quidem
838 3364 865 3411 lu
875 3365 999 3410 aliiseum
1009 3365 1177 3410 cinnamomeo
1186 3365 1235 3410 lato
1245 3375 1302 3410 oon·

197 3435 322 3492 junctam,
340 3433 366 3478 ln
384 3433 444 3478 aliis
456 3435 538 3490 mepte
552 3437 584 3480 ad
599 3435 760 3488 campboram
773 3433 945 3478 declinantem.
981 3427 1070 3478 Locro
1084 3431 1165 3476 nobili
1175 3433 1304 3488 singultire

199 3513 257 3548 eaeo
274 3511 346 3546 suum
364 3511 461 3560 monta,
484 3513 561 3556 praeve
578 3508 602 3547 et
619 3513 689 3560 acre,
711 3501 825 3547 omnibus
843 3499 939 3546 arboris
958 3501 1084 3561 partibus,
1103 3502 1204 3548 dlverea
1221 3507 1302 3546 tamen

199 3568 273 3624 copia
285 3568 409 3628 lunatum,
429 3569 544 3615 corticem
559 3565 673 3613 Ileesnebr
686 3569 776 3628 simili,
795 3567 906 3616 uuatlori
920 3569 1034 3622 quamvls
1043 3569 1237 3624 poliereulrtute
1246 3579 1302 3614 aro-

199 3635 292 3682 matica
309 3642 331 3680 et
350 3637 527 3692 adstringente.
564 3633 676 3683 Fructus
690 3635 895 3690 Lucumonem,
915 3637 957 3690 qui
970 3637 1089 3684 sicciores
1102 3641 1172 3698 sunt,
1192 3642 1235 3683 aut
1247 3639 1302 3682 solo

199 3707 254 3751 oleo
272 3705 386 3749 selliereo
399 3715 455 3749 esse
468 3705 605 3766 praeditos,
623 3713 666 3753 aut
681 3706 732 3752 lere
746 3705 881 3764 insipidos,
899 3703 925 3749 ln
940 3703 1021 3752 iruclu
1036 3709 1138 3752 bacculo
1151 3709 1175 3751 et
1188 3715 1302 3764 carnoso,

199 3771 242 3826 oui
260 3771 384 3826 plerisque
401 3772 497 3825 cuidem
516 3774 622 3820 tributus
635 3781 685 3834 eat,
703 3773 794 3831 pingue
808 3773 910 3828 produci
923 3775 1016 3833 eleum,
1034 3774 1203 3829 idomeneum
1218 3773 1303 3820 addite

199 3839 351 3898 mucilagine
368 3845 392 3886 et
406 3843 526 3887 secubare
539 3843 612 3895 quael
626 3844 761 3889 emollitum
775 3849 799 3888 et
813 3853 971 3900 saporosum,
991 3848 1034 3888 eut
1047 3841 1194 3888 acritudioie
1209 3848 1231 3888 et
1245 3853 1302 3889 aro·

199 3909 273 3956 matis
284 3909 413 3962 cujusdem
422 3909 501 3954 amari
512 3915 534 3954 el
544 3910 610 3956 acris
621 3915 728 3966 plenum.
752 3909 928 3967 Pinpneolnen
938 3910 1021 3966 illem,
1037 3911 1077 3956 ubl
1086 3911 1171 3966 purior
1179 3911 1303 3965 suavique

199 3983 309 4026 aromate
326 3977 421 4022 imbuta
437 3976 558 4036 piprritur,
576 3977 611 4023 ibi
629 3990 705 4036 saepe
723 3981 755 4026 ad
773 3990 846 4025 cerae
862 3982 976 4024 naturam
994 3977 1111 4039 transire,
1130 3983 1303 4034 plerarumque

169 4056 172 4062 ¹
200 4053 282 4094 autem
299 4046 396 4092 semina
413 4045 466 4090 oleo
481 4048 626 4104 butyraceo,
644 4049 696 4093 aori
709 4055 733 4094 et
746 4046 880 4094 aromatico
894 4057 951 4092 ease
965 4046 1043 4104 loeta,
1063 4047 1199 4093 innumeris
1212 4047 1302 4091 vlrinnr

198 4114 326 4171 gradibus.
361 4113 456 4160 bloitae
470 4113 574 4168 derrlooe
583 4116 764 4162 Laurinearum
777 4116 895 4161 inodoraa
908 4113 960 4160 lere
969 4127 1027 4160 esse
1036 4119 1058 4160 et
1068 4115 1207 4174 insipidas,
1226 4125 1301 4169 quas-

199 4186 255 4228 dam
265 4188 348 4230 autem
360 4192 451 4228 sdcebtt
463 4183 553 4228 vellere
566 4183 633 4229 rubri
647 4189 691 4230 aut
704 4184 811 4231 violacei
825 4183 929 4241 cetiaria,
947 4185 1035 4236 duales
1049 4187 1105 4228 suni
1117 4184 1300 4240 biyrletioarum

199 4252 282 4308 succi,
296 4251 394 4306 saporis
403 4249 483 4309 aeria,
498 4255 521 4295 ot
531 4251 681 4308 pravissimo
690 4252 782 4300 foetore
791 4255 896 4300 nareeel
907 4253 1036 4306 pulmouea
1045 4251 1191 4298 eiicientes.
1214 4253 1303 4297 Patere

199 4329 231 4364 ex
240 4318 289 4376 bis,
303 4319 353 4366 vim
362 4319 619 4366 medicambaurlnele
627 4320 654 4367 in
665 4322 807 4368 nutrivereum
817 4331 874 4367 erae
883 4319 1042 4365 aromaticam
1052 4323 1074 4366 et
1085 4319 1244 4384 excitantem,
1258 4330 1302 4364 ca-

199 4386 288 4448 lidam,
308 4387 414 4436 tonicam
426 4391 451 4435 et
464 4391 628 4450 roborantem,
648 4401 769 4438 venenum
783 4395 866 4438 autem
880 4387 988 4435 alienum
1006 4387 1086 4436 uideri
1101 4393 1132 4436 ab
1147 4389 1195 4434 lsto
1208 4388 1302 4444 ordine,
