2968 5038
136 536 328 588 australeslsa
340 541 380 586 est
394 535 521 595 maias,
538 533 671 584 castrice
678 537 776 584 mules.
803 537 900 584 msera
909 535 1017 590 plurius
1026 537 1052 582 tu
1062 537 1250 592 uenispuaerss

135 609 247 658 borealis
256 607 402 664 minutum
412 605 981 664 temperatiseitrmtdtssnputgea,uoeeds1u
990 605 1016 650 ia
1027 606 1144 652 Amorion
1152 607 1248 656 boreali

137 683 161 724 et
173 679 292 734 Europa,
311 677 434 720 nonnulla
443 673 469 720 iu
478 673 542 720 Asia
549 673 657 730 boreali,
671 673 775 721 summis
785 673 945 729 ludlseiugis
955 677 978 719 et
987 673 1105 720 Amsrtca
1114 679 1249 729 temperata

137 747 214 792 simul
227 745 357 801 habitant,
375 743 429 788 alta
446 745 530 788 Nouae
543 742 704 802 llollandlae,
722 741 776 787 alia
787 743 919 788 American
936 743 1089 788 antarctlcae
1102 743 1248 802 peculiaris,

136 813 215 862 busci
233 824 316 869 mnus
330 813 446 865 sumpse
459 809 602 856 austratiori
615 811 748 868 proprium.
782 811 1249 860 MedeolaeextraAmericaeborealis

136 883 231 928 linitos
248 882 360 927 nandum
376 879 461 936 sisso,
484 879 524 926 als
543 881 658 936 proxima
673 879 765 924 'l‘rlllia
780 880 855 924 etiarn
872 880 962 926 Asiam
980 880 1098 926 incolunt.
1132 879 1249 926 amitacls

137 961 219 1006 geuus
236 949 365 995 latissime
381 953 419 994 est
436 949 564 1006 uitiosum,
583 949 608 994 in
623 947 754 994 Americae
767 953 792 994 oi
804 947 885 996 Asiae
897 947 1039 1004 regionibus
1052 948 1166 1004 tropicis,
1184 953 1210 994 et
1222 949 1249 996 in

138 1018 318 1072 extntruptcts
341 1017 469 1071 utriusque
486 1017 672 1070 hemisphaeriis
689 1016 797 1064 obvium.
841 1016 944 1071 species
961 1016 1121 1071 paucissimis
1139 1016 1251 1070 exeeptts

138 1086 294 1133 eudemlcao.
328 1087 359 1131 ln
373 1089 438 1130 terra
452 1083 556 1130 lacustri
570 1085 768 1144 pataeotlierioa,
786 1083 835 1130 imo
848 1085 876 1130 in
888 1085 1046 1140 psammltlcs
1058 1085 1250 1140 poecilisuulla·

139 1165 242 1200 cestu·
250 1151 633 1209 resilgiasnperessevidentur.

227 1229 451 1297 Catullinus
464 1241 488 1284 et
502 1243 606 1286 usus·
630 1227 783 1283 'smilacese
801 1237 988 1284 characteribus
1005 1236 1129 1284 botanicls
1145 1237 1172 1284 ln
1186 1237 1249 1284 duas

140 1307 222 1356 iribus
235 1307 435 1366 utsttuguuntar,
450 1305 526 1354 etlam
542 1307 961 1360 qualitatibusnouuibildluersas.
995 1307 1250 1360 Paridearampartes

140 1389 227 1422 omues
245 1376 477 1434 mareotico-acres,
496 1375 725 1422 Convallariearum
742 1377 819 1421 lterba
838 1373 1011 1428 utplurimum
1029 1373 1150 1434 innocua,
1165 1374 1251 1428 iunior

141 1446 240 1504 motis,
258 1449 352 1490 baccas
369 1443 529 1498 plurimarum
543 1455 655 1502 amarae,
675 1445 806 1501 emeticae,
824 1444 922 1490 radices
936 1447 1109 1498 plerarumque
1121 1446 1249 1502 saccburo,

140 1516 240 1568 myiu,
259 1505 351 1568 &omni
370 1516 395 1557 ci
411 1513 495 1558 resina
510 1511 625 1570 refertae,
645 1515 819 1557 nonnullarum
832 1513 950 1565 maiorem
963 1523 986 1557 v.
1001 1512 1119 1557 minorem
1132 1511 1251 1556 materiae

141 1561 467 1635 extractlrae'ffa'riltinae
479 1593 500 1626 s.
510 1580 677 1638 smilacinae)
691 1582 763 1626 odore
773 1580 906 1638 peculiari,
925 1577 1013 1634 sap'ore
1021 1589 1078 1624 cum
1086 1579 1252 1624 amaritudine

141 1651 316 1706 minuscula
328 1655 353 1694 at
366 1659 491 1694 nauseoso
504 1649 648 1706 distinctae,
667 1653 691 1695 et
704 1658 721 1695 a
734 1649 882 1701 quibusdam
890 1649 1008 1694 chemicis
1017 1647 1166 1695 substantiis
1175 1649 1250 1694 atra·

141 1718 233 1765 loideis
241 1719 419 1765 adnumeratae
429 1719 589 1770 quantitatem
599 1717 736 1775 continent,
754 1716 859 1762 medicis
867 1717 1058 1763 commendatae.

231 1781 337 1830 Paridis
347 1783 565 1846 quudn'fniiucL,
574 1785 638 1832 inter
647 1788 747 1840 plantas
757 1789 894 1830 venenatas
903 1785 1251 1830 narcotieo-acresnomeran·

142 1855 205 1914 iae,
224 1855 311 1912 radix,
331 1855 391 1900 lotia
405 1859 428 1899 et
438 1857 529 1900 baccae
539 1853 636 1908 [Herba
644 1853 744 1899 Paridis
753 1865 776 1899 u.
786 1853 873 1899 solani
883 1854 1027 1907 quadriiolli
1036 1867 1056 1900 s.
1067 1855 1137 1898 Uvas
1145 1851 1250 1908 versae]

144 1925 204 1970 olin
216 1924 242 1969 iu
251 1923 357 1968 oiiciuis
366 1926 542 1980 sectabantur,
560 1924 652 1969 exoleti
661 1923 733 1968 bodie
743 1933 813 1968 usus.
848 1922 948 1966 Paridis
957 1921 1056 1976 species
1065 1919 1173 1966 borealis
1183 1921 1252 1966 asla-

144 1993 212 2038 tlcse
226 1991 334 2036 sintriae
342 1994 366 2036 et
374 1993 567 2038 lismtscbatcse
577 1991 667 2037 incolis
676 1989 740 2036 inter
750 1993 850 2044 plantas
859 1995 998 2036 venenatas
1006 1995 1086 2035 notae.
1123 1985 1252 2035 Matienius

145 2059 290 2118 uirginitas
301 2061 331 2105 L.
345 2060 419 2104 radix
431 2059 457 2104 iu
470 2059 602 2118 Americae
614 2058 724 2106 borealis
737 2057 842 2104 oidclnla
855 2057 920 2103 lnter
931 2059 1040 2106 remedia
1054 2057 1157 2104 emetica
1166 2061 1189 2103 et
1198 2057 1252 2102 dlu-

145 2130 336 2182 reticsprustat.

235 2193 325 2238 Tritici
331 2195 422 2240 cernui
429 2197 457 2242 1¹.
472 2199 496 2242 et
509 2193 597 2240 Triiiii
609 2194 707 2241 sessilis
716 2195 744 2240 L.
758 2197 835 2241 herba
847 2195 914 2250 apud
927 2194 1199 2242 boreali-amaricanos
1207 2205 1253 2238 ve-

145 2269 239 2312 ucuata
250 2267 367 2324 babetun,
387 2265 459 2310 itlius
473 2265 545 2310 radix
554 2266 723 2311 uehementius
734 2264 850 2324 emetica,
868 2265 943 2318 buius
953 2267 1044 2309 baccae
1053 2264 1141 2310 acidae
1150 2273 1252 2308 succum

145 2334 272 2380 csutiueut
285 2335 384 2378 rubrum
395 2345 450 2378 euru
460 2333 570 2380 alumine
579 2336 693 2380 caeruleo
703 2331 845 2388 tingentem.
862 2327 1019 2390 Pniygouuts'
1026 2332 1125 2388 generis
1132 2329 1253 2376 nostratis

145 2403 245 2447 radices
257 2397 392 2458 „signiam
403 2397 571 2446 διώκων*
586 2401 744 2447 oinctnemm
757 2405 867 2446 ueterum
876 2401 981 2458 sistunt,
1000 2399 1128 2456 inodorne,
1145 2399 1270 2444 mesilam

146 2469 345 2530 glumdulces,
364 2469 423 2515 olim
433 2471 496 2515 inter
505 2471 650 2517 vulneraris
657 2473 792 2524 pharmaca
799 2473 927 2526 receptae,
941 2471 970 2514 ob
980 2468 1099 2514 materiae
1108 2469 1253 2521 amylacaas

146 2539 325 2584 abundantiam
337 2549 513 2593 nonuunquam
527 2539 553 2584 iu
566 2541 667 2593 Europa
680 2538 773 2584 boreali
786 2537 846 2592 pani
860 2537 993 2584 admutae.
1027 2536 1147 2582 'lurioues
1160 2535 1186 2580 ln
1199 2545 1252 2580 mo·

148 2607 204 2651 dun
226 2607 414 2662 asparagorum
440 2607 606 2654 comeduntur.
642 2609 738 2652 llaccae
755 2616 908 2662 nauseosae,
927 2605 1044 2650 emetlcae
1063 2607 1086 2649 et
1109 2607 1250 2660 purgantes.

148 2671 305 2718 Snr'iucisae
319 2683 469 2718 racemosus
483 2675 569 2734 biritu,
584 2675 611 2722 ln
624 2675 754 2720 Amerioae
768 2675 876 2719 borealis
891 2673 972 2726 sylvis
988 2673 1112 2718 montanis
1124 2671 1252 2720 nascentia

83 2783 90 2804 ,
147 2746 242 2789 baccae
255 2744 473 2788 nemina-tonicae
486 2745 626 2789 creduntur.
651 2741 835 2787 Cononiium'ue
844 2739 973 2798 oieujuiilt.
984 2741 1090 2796 (Litium
1101 2741 1252 2786 convallium

148 2809 274 2870 officim),
291 2814 383 2857 herbae
400 2811 559 2872 ampliigeae,
577 2813 677 2857 iioribns
695 2812 898 2856 strareolentlbus
916 2810 1073 2868 notissimae,
1092 2811 1188 2856 similes
1208 2809 1252 2852 tri-

149 2871 256 2924 buoniur'
264 2879 342 2938 vires,
361 2880 435 2924 rotlix
445 2891 567 2926 uuuseoso
575 2890 690 2936 -amara,
704 2879 831 2935 subactis,
845 2879 871 2924 in
880 2881 1006 2933 pulverem
1016 2880 1117 2924 redacta
1125 2881 1252 2923 sternuta-

150 2949 226 3006 ioria,
244 2954 385 2994 extractum
398 2948 506 2994 drastlce
517 2959 635 3005 purgans.
680 2946 813 3004 Streptops'
825 2943 1001 3006 amplexisniii
1011 2947 1061 2994 lic.
1074 2947 1099 2992 in
1109 2945 1252 3000 subalpinis

149 3017 264 3072 Europae
276 3017 373 3062 mediae
386 3021 410 3060 et
423 3017 555 3076 australis,
573 3029 619 3064 nec
629 3027 677 3062 non
688 3017 712 3063 in
721 3017 839 3062 America
848 3016 941 3062 boreali
951 3017 1085 3062 crescentis
1094 3019 1170 3069 uerba
1180 3013 1253 3060 reirii

150 3097 252 3140 perans,
270 3085 360 3130 leniter
373 3084 544 3141 adstringens,
564 3085 700 3140 irounentis
710 3085 774 3138 apud
786 3085 900 3140 populum
910 3083 934 3128 in
945 3083 1109 3140 gargarisnris
1119 3095 1191 3138 usus,
1211 3092 1252 3126 ra-

149 3154 191 3198 dix
204 3153 292 3207 iunior
309 3151 334 3198 in
353 3153 472 3199 acetariis
489 3155 631 3200 comeditur.
669 3151 809 3197 iiuscnrnnr
825 3151 851 3197 in
865 3153 964 3206 Europa
977 3151 1124 3196 australiore
1137 3161 1252 3194 crescen-

151 3221 210 3266 tium
231 3221 329 3266 radices
350 3220 557 3278 mucilaginosae,
576 3233 631 3267 curn
649 3225 770 3267 nonnulla
787 3220 902 3266 acredine
917 3219 1094 3274 amaricantes,
1112 3217 1171 3262 olim
1188 3218 1253 3261 inter

151 3290 260 3334 remedia
275 3289 417 3344 aperientis
428 3295 451 3335 et
465 3289 593 3336 eidcaclus
606 3291 727 3336 diuretice
740 3287 862 3334 celebres:
895 3284 1015 3330 itudtosm
1029 3283 1125 3330 Benaci
1137 3298 1158 3332 s.
1173 3283 1255 3328 linaei

151 3360 251 3402 liusena
259 3361 391 3402 aculeatus
400 3360 429 3404 L.
440 3349 610 3421 (ὀξνμυρσίνη
620 3359 718 3414 liiosc.)
733 3357 847 3411 largitur.
880 3355 997 3407 Fructum
1008 3355 1142 3400 Arablstae
1151 3349 1253 3400 ubaud-

149 3429 207 3472 batlr
218 3431 321 3486 uocaui,
336 3427 401 3471 unde
414 3426 625 3472 latinoborbaruuu
638 3421 799 3484 „Cubebae“
812 3429 898 3470 ortum.
918 3419 1214 3480 Rusciiiyploopitpiiuur
1224 3425 1252 3468 11·

150 3493 243 3548 (Lauri
255 3495 436 3540 alexandrinae
449 3493 540 3550 veter.)
554 3507 616 3540 usus
626 3495 651 3540 iu
660 3493 826 3540 sollicitandis
835 3489 976 3552 mensibus,
994 3492 1139 3538 maturando
1148 3497 1221 3546 partu
1230 3493 1254 3536 et

151 3563 238 3609 urinae
246 3561 384 3622 secretione
393 3563 508 3618 augenda
517 3565 638 3616 quondam
649 3563 773 3618 lreuoens.

237 3627 320 3674 lissei
331 3627 521 3688 Hypngioasum
538 3633 567 3677 L.
580 3629 670 3688 (vulgo
688 3631 864 3688 zaptettnaut,
884 3629 1048 3687 ‚iuuenilem
1067 3620 1251 3688 inniyioaoor

150 3697 235 3744 utosc.
248 3699 332 3744 llerba
344 3699 482 3746 Ut'ttiariw
494 3711 518 3745 v.
532 3700 680 3754 liislinguae
692 3712 713 3745 s.
724 3701 758 3744 St.
769 3698 908 3760 lioniiacii)
919 3699 991 3743 radix
1000 3697 1025 3743 in
1035 3698 1180 3751 quibusdum
1190 3695 1253 3742 uteri

151 3767 243 3812 tarbis
255 3767 391 3820 salutaris,
410 3769 532 3813 adversus
544 3771 637 3814 arulae
653 3769 793 3823 prolapsum
808 3767 924 3822 specifica
937 3769 1084 3824 nabebatur,
1104 3765 1253 3820 temporibus

152 3835 230 3880 crusii
249 3835 274 3882 in
294 3835 345 3880 ioro
357 3836 538 3882 vindobonensi
550 3846 567 3883 a
580 3835 722 3882 rbiaotomis
737 3835 862 3882 aricinae
876 3834 1021 3890 lluugurlae
1035 3835 1117 3888 sylvis
1131 3836 1216 3880 adlata
1230 3837 1252 3878 et

152 3903 306 3948 mulierculis
314 3904 424 3950 vendita.
452 3901 595 3948 ituraeorum
605 3905 714 3964 semina,
733 3903 857 3950 etountne
866 3915 955 3949 corneo
964 3903 1064 3958 copioso
1074 3904 1181 3962 munita,
1195 3901 1254 3958 igno
1279 3899 1281 3902 ’

153 3975 214 4017 testa
222 3979 318 4028 mum
327 3974 437 4031 spirant,
456 3974 723 4020 consaesuocedanes.

237 4054 375 4100 Suedium
389 4057 501 4116 mulces,
515 4057 741 4116 Pariliinaioetae,
759 4057 824 4102 inter
837 4055 944 4102 remedia
958 4067 1001 4110 pro
1013 4057 1066 4102 vita
1080 4053 1196 4101 imitabili
1207 4051 1255 4098 stl-

151 4126 273 4170 alsatia
281 4131 306 4172 st
313 4125 413 4180 quidem
422 4127 491 4172 acria
498 4125 607 4183 mitiora,
625 4125 732 4172 maxime
745 4127 907 4172 celebrantur.
941 4119 1254 4176 Rudisissussupun'iiua

152 4205 174 4238 s.
183 4189 380 4252 Sarsupuriilus
391 4195 538 4244 innumerae
548 4195 684 4240 varietates
693 4205 778 4240 omnes
786 4205 819 4240 ax
827 4194 943 4240 Amarica
952 4193 1047 4247 tropica
1055 4189 1199 4236 commercio
1208 4192 1253 4236 ad-

152 4266 251 4313 rectae,
270 4273 286 4307 a
304 4261 413 4307 diversis
425 4263 570 4320 speciebus,
589 4265 693 4309 nondum
707 4263 770 4309 satis
783 4263 847 4308 inter
859 4259 1114 4314 botanicoscognltls,
1133 4257 1253 4310 imprimis

152 4339 167 4372 s
179 4327 287 4373 Susiiucs
301 4327 484 4385 Sussupurs'iiu
496 4333 538 4390 lu,
557 4327 583 4376 S.
595 4327 727 4393 osstcr'auis'
743 4333 773 4376 ll.
783 4331 810 4376 li.
821 4331 851 4377 lt.
863 4333 887 4375 ei
902 4323 1086 4386 Sapphoniam
1099 4327 1186 4370 [tumn.
1201 4328 1253 4369 col·

153 4399 238 4446 lectas.
272 4399 379 4454 Specln
391 4398 419 4444 ln
432 4399 533 4455 Europa
545 4401 693 4449 ausualiore
706 4401 846 4448 crescentes
859 4396 901 4455 (S.
914 4403 1011 4453 uapsru
1024 4391 1052 4439 lu.
1072 4389 1097 4440 S„
1111 4389 1199 4451 Aiprt'ns'
1211 4393 1252 4438 w.
